
@article{adamowiczAssessingEcologicalInfrastructure2019,
  title = {Assessing Ecological Infrastructure Investments},
  author = {Adamowicz, Wiktor and {Calderon-Etter}, Laura and Entem, Alicia and Fenichel, Eli P. and Hall, Jefferson S. and {Lloyd-Smith}, Patrick and Ogden, Fred L. and Regina, Jason A. and Rouhi Rad, Mani and Stallard, Robert F.},
  year = {2019},
  month = mar,
  volume = {116},
  pages = {5254--5261},
  issn = {0027-8424, 1091-6490},
  doi = {10.1073/pnas.1802883116},
  journal = {Proceedings of the National Academy of Sciences},
  language = {en},
  number = {12}
}

@article{adgerSocialCapitalCollective2003,
  title = {Social {{Capital}}, {{Collective Action}}, and {{Adaptation}} to {{Climate Change}}},
  author = {Adger, W Neil},
  year = {2003},
  pages = {18},
  journal = {Economic Geography},
  language = {en}
}

@article{adgerSocialEcologicalResilience2000,
  title = {Social and Ecological Resilience: Are They Related?},
  shorttitle = {Social and Ecological Resilience},
  author = {Adger, W. Neil},
  year = {2000},
  month = sep,
  volume = {24},
  pages = {347--364},
  issn = {0309-1325, 1477-0288},
  doi = {10.1191/030913200701540465},
  journal = {Progress in Human Geography},
  language = {en},
  number = {3}
}

@article{alfieriGlobalProjectionsRiver2017,
  title = {Global Projections of River Flood Risk in a Warmer World: {{RIVER FLOOD RISK IN A WARMER WORLD}}},
  shorttitle = {Global Projections of River Flood Risk in a Warmer World},
  author = {Alfieri, Lorenzo and Bisselink, Berny and Dottori, Francesco and Naumann, Gustavo and {de Roo}, Ad and Salamon, Peter and Wyser, Klaus and Feyen, Luc},
  year = {2017},
  month = feb,
  volume = {5},
  pages = {171--182},
  issn = {23284277},
  doi = {10.1002/2016EF000485},
  journal = {Earth's Future},
  language = {en},
  number = {2}
}

@article{anderiesKnowledgeInfrastructureSafe2019,
  ids = {anderiesKnowledgeInfrastructureSafe2019a},
  title = {Knowledge Infrastructure and Safe Operating Spaces in Social\textendash Ecological Systems},
  author = {Anderies, John M. and Mathias, Jean-Denis and Janssen, Marco A.},
  year = {2019},
  month = mar,
  volume = {116},
  pages = {5277--5284},
  issn = {0027-8424, 1091-6490},
  doi = {10.1073/pnas.1802885115},
  journal = {Proceedings of the National Academy of Sciences},
  language = {en},
  number = {12}
}

@article{angelerQuantifyingResilience2016,
  ids = {angelerQuantifyingResilience2016a},
  title = {Quantifying Resilience},
  author = {Angeler, David G. and Allen, Craig R.},
  year = {2016},
  volume = {53},
  pages = {617--624},
  issn = {1365-2664},
  doi = {10.1111/1365-2664.12649},
  copyright = {\textcopyright{} 2016 The Authors. Journal of Applied Ecology \textcopyright{} 2016 British Ecological Society},
  journal = {Journal of Applied Ecology},
  language = {en},
  number = {3}
}

@article{angristCredibilityRevolutionEmpirical2010,
  title = {The {{Credibility Revolution}} in {{Empirical Economics}}: {{How Better Research Design}} Is {{Taking}} the {{Con}} out of {{Econometrics}}},
  shorttitle = {The {{Credibility Revolution}} in {{Empirical Economics}}},
  author = {Angrist, Joshua D and Pischke, J{\"o}rn-Steffen},
  year = {2010},
  month = may,
  volume = {24},
  pages = {3--30},
  issn = {0895-3309},
  doi = {10.1257/jep.24.2.3},
  journal = {Journal of Economic Perspectives},
  language = {en},
  number = {2}
}

@article{ansellCollaborativeGovernanceTheory2007,
  title = {Collaborative {{Governance}} in {{Theory}} and {{Practice}}},
  author = {Ansell, C. and Gash, A.},
  year = {2007},
  month = oct,
  volume = {18},
  pages = {543--571},
  issn = {1053-1858, 1477-9803},
  doi = {10.1093/jopart/mum032},
  journal = {Journal of Public Administration Research and Theory},
  language = {en},
  number = {4}
}

@article{armitageAdaptiveComanagementSocial2009,
  title = {Adaptive Co-Management for Social\textendash Ecological Complexity},
  author = {Armitage, Derek R and Plummer, Ryan and Berkes, Fikret and Arthur, Robert I and Charles, Anthony T and {Davidson-Hunt}, Iain J and Diduck, Alan P and Doubleday, Nancy C and Johnson, Derek S and Marschke, Melissa and McConney, Patrick and Pinkerton, Evelyn W and Wollenberg, Eva K},
  year = {2009},
  month = mar,
  volume = {7},
  pages = {95--102},
  issn = {1540-9295},
  doi = {10.1890/070089},
  journal = {Frontiers in Ecology and the Environment},
  language = {en},
  number = {2}
}

@article{arnellImpactsClimateChange2016,
  title = {The Impacts of Climate Change on River Flood Risk at the Global Scale},
  author = {Arnell, Nigel W. and Gosling, Simon N.},
  year = {2016},
  month = feb,
  volume = {134},
  pages = {387--401},
  issn = {0165-0009, 1573-1480},
  doi = {10.1007/s10584-014-1084-5},
  journal = {Climatic Change},
  language = {en},
  number = {3}
}

@article{arrowAreWeConsuming2004,
  title = {Are {{We Consuming Too Much}}?},
  author = {Arrow, Kenneth and Dasgupta, Partha and Goulder, Lawrence and Daily, Gretchen and Ehrlich, Paul and Heal, Geoffrey and Levin, Simon and M{\"a}ler, Karl-G{\"o}ran and Schneider, Stephen and Starrett, David and Walker, Brian},
  year = {2004},
  month = aug,
  volume = {18},
  pages = {147--172},
  issn = {0895-3309},
  doi = {10.1257/0895330042162377},
  journal = {Journal of Economic Perspectives},
  language = {en},
  number = {3}
}

@article{assmannCollectiveMemoryCultural,
  title = {Collective {{Memory}} and {{Cultural Identity}}},
  author = {Assmann, Jan},
  pages = {10},
  keywords = {重要},
  language = {en}
}

@article{axtellPopulationGrowthCollapse2002,
  title = {Population Growth and Collapse in a Multiagent Model of the {{Kayenta Anasazi}} in {{Long House Valley}}},
  author = {Axtell, R. L. and Epstein, J. M. and Dean, J. S. and Gumerman, G. J. and Swedlund, A. C. and Harburger, J. and Chakravarty, S. and Hammond, R. and Parker, J. and Parker, M.},
  year = {2002},
  month = may,
  volume = {99},
  pages = {7275--7279},
  issn = {0027-8424, 1091-6490},
  doi = {10.1073/pnas.092080799},
  journal = {Proceedings of the National Academy of Sciences},
  language = {en},
  number = {Supplement 3}
}

@article{barnesSocialecologicalAlignmentEcological2019,
  ids = {barnesSocialecologicalAlignmentEcological2019},
  title = {Social-Ecological Alignment and Ecological Conditions in Coral Reefs},
  author = {Barnes, Michele L. and Bodin, {\"O}rjan and McClanahan, Tim R. and Kittinger, John N. and Hoey, Andrew S. and Gaoue, Orou G. and Graham, Nicholas A. J.},
  year = {2019},
  month = dec,
  volume = {10},
  pages = {2039},
  issn = {2041-1723},
  doi = {10.1038/s41467-019-09994-1},
  journal = {Nature Communications},
  keywords = {2 摘要引言结论,fisheries,network,social-ecological system},
  language = {en},
  number = {1}
}

@article{barnesSocialNetworksEnvironmental2016,
  ids = {barnesSocialNetworksEnvironmental2016a},
  title = {Social Networks and Environmental Outcomes},
  author = {Barnes, Michele L. and Lynham, John and Kalberg, Kolter and Leung, PingSun},
  year = {2016},
  month = jun,
  volume = {113},
  pages = {6466--6471},
  issn = {0027-8424, 1091-6490},
  doi = {10.1073/pnas.1523245113},
  journal = {Proceedings of the National Academy of Sciences},
  keywords = {2 摘要引言结论,3 探索,fisheries,human behavior,network},
  language = {en},
  number = {23}
}

@article{barnettSustainabilityTransferProject2015,
  title = {Sustainability: {{Transfer}} Project Cannot Meet {{China}}'s Water Needs},
  shorttitle = {Sustainability},
  author = {Barnett, Jon and Rogers, Sarah and Webber, Michael and Finlayson, Brian and Wang, Mark},
  year = {2015},
  month = nov,
  volume = {527},
  pages = {295},
  doi = {10.1038/527295a},
  chapter = {Comment},
  journal = {Nature News},
  keywords = {policy,讨论},
  language = {en},
  number = {7578}
}

@book{barthel-bouchierCulturalHeritageChallenge2013,
  title = {Cultural {{Heritage}} and the {{Challenge}} of {{Sustainability}}},
  author = {{Barthel-Bouchier}, Diane},
  year = {2013},
  publisher = {{Routledge}},
  address = {{New York}},
  language = {en}
}

@article{barthelSocialEcologicalMemory2010,
  title = {Social\textendash Ecological Memory in Urban Gardens\textemdash{{Retaining}} the Capacity for Management of Ecosystem Services},
  author = {Barthel, Stephan and Folke, Carl and Colding, Johan},
  year = {2010},
  month = may,
  volume = {20},
  pages = {255--265},
  issn = {09593780},
  doi = {10.1016/j.gloenvcha.2010.01.001},
  journal = {Global Environmental Change},
  language = {en},
  number = {2}
}

@article{bascompteStructureDynamicsEcological2010,
  title = {Structure and {{Dynamics}} of {{Ecological Networks}}},
  author = {Bascompte, Jordi},
  year = {2010},
  month = aug,
  volume = {329},
  pages = {765--766},
  publisher = {{American Association for the Advancement of Science}},
  issn = {0036-8075, 1095-9203},
  doi = {10.1126/science.1194255},
  chapter = {Perspective},
  copyright = {Copyright \textcopyright{} 2010, American Association for the Advancement of Science},
  journal = {Science},
  language = {en},
  number = {5993},
  pmid = {20705836}
}

@article{batemanBringingEcosystemServices2013,
  title = {Bringing {{Ecosystem Services}} into {{Economic Decision}}-{{Making}}: {{Land Use}} in the {{United Kingdom}}},
  shorttitle = {Bringing {{Ecosystem Services}} into {{Economic Decision}}-{{Making}}},
  author = {Bateman, Ian J. and Harwood, Amii R. and Mace, Georgina M. and Watson, Robert T. and Abson, David J. and Andrews, Barnaby and Binner, Amy and Crowe, Andrew and Day, Brett H. and Dugdale, Steve and Fezzi, Carlo and Foden, Jo and Hadley, David and {Haines-Young}, Roy and Hulme, Mark and Kontoleon, Andreas and Lovett, Andrew A. and Munday, Paul and Pascual, Unai and Paterson, James and Perino, Grischa and Sen, Antara and Siriwardena, Gavin and {van Soest}, Daan and Termansen, Mette},
  year = {2013},
  month = jul,
  volume = {341},
  pages = {45--50},
  issn = {0036-8075, 1095-9203},
  doi = {10.1126/science.1234379},
  journal = {Science},
  language = {en},
  number = {6141}
}

@article{bellOldestRecordsNile1970,
  title = {The {{Oldest Records}} of the {{Nile Floods}}},
  author = {Bell, Barbara},
  year = {1970},
  volume = {136},
  pages = {569--573},
  issn = {0016-7398},
  doi = {10.2307/1796184},
  journal = {The Geographical Journal},
  number = {4}
}

@article{berardiApplyingSystemViability2015,
  title = {Applying the System Viability Framework for Cross-Scalar Governance of Nested Social-Ecological Systems in the {{Guiana Shield}}, {{South America}}},
  author = {Berardi, Andrea and Mistry, Jayalaxshmi and Tschirhart, C{\'e}line and Bignante, Elisa and Davis, Odacy and Haynes, Lakeram and Benjamin, Ryan and Albert, Grace and Xavier, Rebecca and Jafferally, Deirdre and {de Ville}, G{\'e}raud},
  year = {2015},
  volume = {20},
  publisher = {{Resilience Alliance Inc.}},
  issn = {1708-3087},
  journal = {Ecology and Society},
  number = {3}
}

@article{berdugoGlobalEcosystemThresholds2020,
  ids = {berdugoGlobalEcosystemThresholds2020a},
  title = {Global Ecosystem Thresholds Driven by Aridity},
  author = {Berdugo, Miguel and {Delgado-Baquerizo}, Manuel and Soliveres, Santiago and {Hern{\'a}ndez-Clemente}, Roc{\'i}o and Zhao, Yanchuang and Gait{\'a}n, Juan J. and Gross, Nicolas and Saiz, Hugo and Maire, Vincent and Lehman, Anika and Rillig, Matthias C. and Sol{\'e}, Ricard V. and Maestre, Fernando T.},
  year = {2020},
  month = feb,
  volume = {367},
  pages = {787--790},
  issn = {0036-8075, 1095-9203},
  doi = {10.1126/science.aay5958},
  journal = {Science},
  keywords = {2 摘要引言结论,drought,dryland,ecological resilience,ecosystem functions,network,threshold},
  language = {en},
  number = {6479}
}

@article{berkesEvolutionComanagementRole2009,
  title = {Evolution of Co-Management: {{Role}} of Knowledge Generation, Bridging Organizations and Social Learning},
  shorttitle = {Evolution of Co-Management},
  author = {Berkes, Fikret},
  year = {2009},
  month = apr,
  volume = {90},
  pages = {1692--1702},
  issn = {03014797},
  doi = {10.1016/j.jenvman.2008.12.001},
  journal = {Journal of Environmental Management},
  language = {en},
  number = {5}
}

@book{berkesLinkingSocialEcological1998,
  ids = {berkesLinkingSocialEcological1998a},
  title = {Linking Social and Ecological Systems : Management Practices and Social Mechanisms for Building Resilience},
  shorttitle = {Linking Social and Ecological Systems},
  author = {Berkes, Fikret and Folke, Carl and Colding, Johan},
  year = {1998},
  publisher = {{Cambridge University Press,}}
}

@article{besleyEnvironmentalCatastrophesMitigation2019,
  title = {Environmental Catastrophes and Mitigation Policies in a Multiregion World},
  author = {Besley, Timothy and Dixit, Avinash},
  year = {2019},
  month = mar,
  volume = {116},
  pages = {5270--5276},
  issn = {0027-8424, 1091-6490},
  doi = {10.1073/pnas.1802864115},
  journal = {Proceedings of the National Academy of Sciences},
  language = {en},
  number = {12}
}

@article{bestAnthropogenicStressesWorld2019,
  ids = {bestAnthropogenicStressesWorld2019a},
  title = {Anthropogenic Stresses on the World's Big Rivers},
  author = {Best, Jim},
  year = {2019},
  month = jan,
  volume = {12},
  pages = {7--21},
  issn = {1752-0894, 1752-0908},
  doi = {10.1038/s41561-018-0262-x},
  journal = {Nature Geoscience},
  keywords = {7 精读-非常重要,anthropocene,socio-hydrology,非常重要},
  language = {en},
  number = {1}
}

@article{binderFramewOrksAnalyzing,
  title = {Framew Orks for Analyzing Soc Ia L-e c Ologic a l Syst e m s},
  author = {Binder, Claudia R and {Pahl-Wostl}, Claudia and Knieper, Christian},
  pages = {73},
  language = {en}
}

@article{biRecentChangesErosion2014,
  title = {Recent Changes in the Erosion\textendash Accretion Patterns of the Active {{Huanghe}} ({{Yellow River}}) Delta Lobe Caused by Human Activities},
  author = {Bi, Naishuang and Wang, Houjie and Yang, Zuosheng},
  year = {2014},
  month = nov,
  volume = {90},
  pages = {70--78},
  issn = {0278-4343},
  doi = {10.1016/j.csr.2014.02.014},
  journal = {Continental Shelf Research},
  keywords = {非常重要},
  series = {Sediment {{Dynamics}} and {{Related Biogeochemical Effects}} in the {{Eastern China Shelf Seas}}}
}

@article{bloschlChangingClimateShifts2017,
  title = {Changing Climate Shifts Timing of {{European}} Floods},
  author = {Bl{\"o}schl, G{\"u}nter and Hall, Julia and Parajka, Juraj and Perdig{\~a}o, Rui A. P. and Merz, Bruno and Arheimer, Berit and Aronica, Giuseppe T. and Bilibashi, Ardian and Bonacci, Ognjen and Borga, Marco and {\v C}anjevac, Ivan and Castellarin, Attilio and Chirico, Giovanni B. and Claps, Pierluigi and Fiala, K{\'a}roly and Frolova, Natalia and Gorbachova, Liudmyla and G{\"u}l, Ali and Hannaford, Jamie and Harrigan, Shaun and Kireeva, Maria and Kiss, Andrea and Kjeldsen, Thomas R. and Kohnov{\'a}, Silvia and Koskela, Jarkko J. and Ledvinka, Ondrej and Macdonald, Neil and {Mavrova-Guirguinova}, Maria and Mediero, Luis and Merz, Ralf and Molnar, Peter and Montanari, Alberto and Murphy, Conor and Osuch, Marzena and Ovcharuk, Valeryia and Radevski, Ivan and Rogger, Magdalena and Salinas, Jos{\'e} L. and Sauquet, Eric and {\v S}raj, Mojca and Szolgay, Jan and Viglione, Alberto and Volpi, Elena and Wilson, Donna and Zaimi, Klodian and {\v Z}ivkovi{\'c}, Nenad},
  year = {2017},
  month = aug,
  volume = {357},
  pages = {588--590},
  issn = {0036-8075, 1095-9203},
  doi = {10.1126/science.aan2506},
  journal = {Science},
  language = {en},
  number = {6351}
}

@article{bodinCollaborativeEnvironmentalGovernance2017,
  ids = {bodinCollaborativeEnvironmentalGovernance2017a},
  title = {Collaborative Environmental Governance: {{Achieving}} Collective Action in Social-Ecological Systems},
  shorttitle = {Collaborative Environmental Governance},
  author = {Bodin, {\"O}rjan},
  year = {2017},
  month = aug,
  volume = {357},
  pages = {eaan1114},
  issn = {0036-8075, 1095-9203},
  doi = {10.1126/science.aan1114},
  copyright = {Copyright \textcopyright{} 2017 The Authors, some rights reserved; exclusive licensee American Association for the Advancement of Science. No claim to original U.S. Government Works. http://www.sciencemag.org/about/science-licenses-journal-article-reuseThis is an article distributed under the terms of the Science Journals Default License.},
  journal = {Science},
  keywords = {2 摘要引言结论,adaptive governance,collaborative governance,network,social-ecological system,非常重要},
  language = {en},
  number = {6352},
  pmid = {28818915}
}

@article{bodinConservationSuccessFunction2014,
  title = {{Conservation Success as a Function of Good Alignment of Social and Ecological Structures and Processes}},
  author = {Bodin, {\"O}rjan and Crona, Beatrice and Thyresson, Matilda and Golz, Anna-Lea and Teng{\"o}, Maria},
  year = {2014},
  volume = {28},
  pages = {1371--1379},
  issn = {1523-1739},
  doi = {10.1111/cobi.12306},
  journal = {Conservation Biology},
  language = {es},
  number = {5}
}

@article{bodinImprovingNetworkApproaches2019,
  ids = {bodinImprovingNetworkApproaches2019a},
  title = {Improving Network Approaches to the Study of Complex Social\textendash Ecological Interdependencies},
  author = {Bodin, {\"O}. and Alexander, S. M. and Baggio, J. and Barnes, M. L. and Berardo, R. and Cumming, G. S. and Dee, L. E. and Fischer, A. P. and Fischer, M. and Mancilla Garcia, M. and Guerrero, A. M. and Hileman, J. and Ingold, K. and Matous, P. and Morrison, T. H. and Nohrstedt, D. and Pittman, J. and Robins, G. and Sayles, J. S.},
  year = {2019},
  month = jun,
  issn = {2398-9629},
  doi = {10.1038/s41893-019-0308-0},
  journal = {Nature Sustainability},
  keywords = {2 摘要引言结论},
  language = {en}
}

@article{bodinSocialEcologicalNetwork2017,
  title = {Social\textendash{{Ecological Network Approaches}} in {{Interdisciplinary Research}}: {{A Response}} to {{Bohan}} et al. and {{Dee}} et Al.},
  shorttitle = {Social\textendash{{Ecological Network Approaches}} in {{Interdisciplinary Research}}},
  author = {Bodin, {\"O}rjan and Barnes, Michele L. and McAllister, Ryan R.J. and Rocha, Juan Carlos and Guerrero, Angela M.},
  year = {2017},
  month = aug,
  volume = {32},
  pages = {547--549},
  issn = {01695347},
  doi = {10.1016/j.tree.2017.06.003},
  journal = {Trends in Ecology \& Evolution},
  keywords = {2 摘要引言结论,network,social-ecological system},
  language = {en},
  number = {8}
}

@article{bojiefuUnravellingComplexityAchieving2019,
  title = {Unravelling the Complexity in Achieving the 17 Sustainable Development Goals},
  author = {Bojie Fu and Shuai Wang and Junze Zhang and Zengqian Hou and Jinghai Li},
  year = {2019},
  volume = {6},
  pages = {386--388},
  journal = {National Science Review},
  number = {3}
}

@article{boydWhatAreEcosystem2007,
  title = {What Are Ecosystem Services? {{The}} Need for Standardized Environmental Accounting Units},
  shorttitle = {What Are Ecosystem Services?},
  author = {Boyd, James and Banzhaf, Spencer},
  year = {2007},
  month = aug,
  volume = {63},
  pages = {616--626},
  issn = {09218009},
  doi = {10.1016/j.ecolecon.2007.01.002},
  journal = {Ecological Economics},
  language = {en},
  number = {2-3}
}

@article{boyerMemoryMindCulture2009,
  ids = {boyerMemoryMindCulture},
  title = {Memory in {{Mind}} and {{Culture}}},
  author = {Boyer, Pascal and Wertsch, James V},
  year = {2009},
  pages = {333},
  keywords = {3 探索,重要},
  language = {en}
}

@article{brondizioConnectivityGovernanceMultilevel2009,
  title = {Connectivity and the {{Governance}} of {{Multilevel Social}}-{{Ecological Systems}}: {{The Role}} of {{Social Capital}}},
  shorttitle = {Connectivity and the {{Governance}} of {{Multilevel Social}}-{{Ecological Systems}}},
  author = {Brondizio, Eduardo S. and Ostrom, Elinor and Young, Oran R.},
  year = {2009},
  month = nov,
  volume = {34},
  pages = {253--278},
  issn = {1543-5938, 1545-2050},
  doi = {10.1146/annurev.environ.020708.100707},
  journal = {Annual Review of Environment and Resources},
  language = {en},
  number = {1}
}

@article{brownGlobalEnvironmentalChange2014,
  title = {Global Environmental Change {{I}}: {{A}} Social Turn for Resilience?},
  shorttitle = {Global Environmental Change {{I}}},
  author = {Brown, Katrina},
  year = {2014},
  month = feb,
  volume = {38},
  pages = {107--117},
  issn = {0309-1325, 1477-0288},
  doi = {10.1177/0309132513498837},
  journal = {Progress in Human Geography},
  language = {en},
  number = {1}
}

@book{brunnerAdaptiveGovernanceIntegrating2005,
  title = {Adaptive {{Governance}}: {{Integrating Science}}, {{Policy}}, and {{Decision Making}}},
  shorttitle = {Adaptive {{Governance}}},
  author = {Brunner, Ronald D. and Steelman, Toddi A. and {Coe-Juell}, Lindy and Brunner, Ronald},
  year = {2005},
  publisher = {{Columbia University Press}},
  googlebooks = {GLarAgAAQBAJ},
  isbn = {978-0-231-13625-9},
  language = {en}
}

@article{burtonLeveeFailuresSocial2008,
  title = {Levee {{Failures}} and {{Social Vulnerability}} in the {{Sacramento}}-{{San Joaquin Delta Area}}, {{California}}},
  author = {Burton, Christopher and Cutter, Susan L.},
  year = {2008},
  month = aug,
  volume = {9},
  pages = {136--149},
  issn = {1527-6988, 1527-6996},
  doi = {10.1061/(ASCE)1527-6988(2008)9:3(136)},
  journal = {Natural Hazards Review},
  language = {en},
  number = {3}
}

@article{c.s.hollingResilienceStabilityEcological1973,
  title = {Resilience and {{Stability}} of {{Ecological Systems}}},
  author = {C. S. Holling},
  year = {1973},
  pages = {1--23},
  journal = {Annual Review of Ecology and Systematics},
  language = {en}
}

@article{candiaUniversalDecayCollective2018,
  title = {The Universal Decay of Collective Memory and Attention},
  author = {Candia, Cristian and {Jara-Figueroa}, C. and {Rodriguez-Sickert}, Carlos and Barab{\'a}si, Albert-L{\'a}szl{\'o} and Hidalgo, C{\'e}sar A.},
  year = {2018},
  volume = {3},
  pages = {82--91},
  issn = {2397-3374},
  doi = {10.1038/s41562-018-0474-5},
  journal = {Nature Human Behaviour},
  keywords = {非常重要},
  language = {en},
  number = {1}
}

@article{caoExcessiveRelianceAfforestation2011,
  title = {Excessive Reliance on Afforestation in {{China}}'s Arid and Semi-Arid Regions: {{Lessons}} in Ecological Restoration},
  author = {Cao, Shixiong and Chen, Li and Shankman, David and Wang, Chunmei and Wang, Xiongbin and Zhang, Hong},
  year = {2011},
  volume = {104},
  pages = {240--245},
  issn = {00128252},
  doi = {10.1016/j.earscirev.2010.11.002},
  journal = {Earth-Science Reviews},
  number = {4}
}

@article{carlfolkeProblemFitEcosystems2007,
  title = {The {{Problem}} of {{Fit}} between {{Ecosystems}} and {{Institutions}}: {{Ten Years Later}}},
  author = {Carl Folke and Lowell Pritchard, Jr and Fikret Berkes and Johan Colding and Uno Svedin},
  year = {2007},
  volume = {12},
  pages = {30},
  journal = {Ecology and Society},
  number = {1}
}

@article{carlislePolycentricSystemsGovernance2017,
  title = {Polycentric {{Systems}} of {{Governance}}: {{A Theoretical Model}} for the {{Commons}}},
  author = {Carlisle, Keith and Gruby, Rebecca L.},
  year = {2017},
  volume = {47},
  pages = {927--952},
  issn = {0190-292X 1541-0072},
  doi = {10.1111/psj.12212},
  journal = {Policy Studies Journal},
  number = {4}
}

@article{carpenterScienceManagingEcosystem2009,
  title = {Science for Managing Ecosystem Services: {{Beyond}} the {{Millennium Ecosystem Assessment}}},
  shorttitle = {Science for Managing Ecosystem Services},
  author = {Carpenter, S. R. and Mooney, H. A. and Agard, J. and Capistrano, D. and DeFries, R. S. and Diaz, S. and Dietz, T. and Duraiappah, A. K. and {Oteng-Yeboah}, A. and Pereira, H. M. and Perrings, C. and Reid, W. V. and Sarukhan, J. and Scholes, R. J. and Whyte, A.},
  year = {2009},
  month = feb,
  volume = {106},
  pages = {1305--1312},
  issn = {0027-8424, 1091-6490},
  doi = {10.1073/pnas.0808772106},
  journal = {Proceedings of the National Academy of Sciences},
  language = {en},
  number = {5}
}

@article{chaffinDecadeAdaptiveGovernance2014,
  ids = {chaffinDecadeAdaptiveGovernance2014a},
  title = {A Decade of Adaptive Governance Scholarship: Synthesis and Future Directions},
  shorttitle = {A Decade of Adaptive Governance Scholarship},
  author = {Chaffin, Brian C. and Gosnell, Hannah and Cosens, Barbara A.},
  year = {2014},
  volume = {19},
  issn = {1708-3087},
  doi = {10.5751/ES-06824-190356},
  journal = {Ecology and Society},
  language = {en},
  number = {3}
}

@article{chaffinEmergenceInstitutionalizationRenewal2016,
  title = {Emergence, Institutionalization and Renewal: {{Rhythms}} of Adaptive Governance in Complex Social-Ecological Systems},
  shorttitle = {Emergence, Institutionalization and Renewal},
  author = {Chaffin, Brian C. and Gunderson, Lance H.},
  year = {2016},
  month = jan,
  volume = {165},
  pages = {81--87},
  issn = {03014797},
  doi = {10.1016/j.jenvman.2015.09.003},
  journal = {Journal of Environmental Management},
  language = {en}
}

@article{chaffinTransformativeEnvironmentalGovernance2016,
  title = {Transformative {{Environmental Governance}}},
  author = {Chaffin, Brian C. and Garmestani, Ahjond S. and Gunderson, Lance H. and Benson, Melinda Harm and Angeler, David G. and Arnold, Craig Anthony and Cosens, Barbara and Craig, Robin Kundis and Ruhl, J. B. and Allen, Craig R.},
  year = {2016},
  volume = {41},
  pages = {399--423},
  issn = {1543-5938 1545-2050},
  doi = {10.1146/annurev-environ-110615-085817},
  journal = {Annual Review of Environment and Resources},
  number = {1}
}

@article{ChangingWealthNations,
  title = {The Changing Wealth of Nations: Measuring Sustainable Development in the New Millionium}
}

@article{chenBalancingGreenGrain2015,
  title = {Balancing Green and Grain Trade},
  author = {Chen, Yiping and Wang, Kaibo and Lin, Yishan and Shi, Weiyu and Song, Yi and He, Xinhua},
  year = {2015},
  month = sep,
  volume = {8},
  pages = {739--741},
  issn = {1752-0908},
  doi = {10.1038/ngeo2544},
  copyright = {2015 Nature Publishing Group},
  journal = {Nature Geoscience},
  language = {en}
}

@article{chenHelanMountainPatron2010,
  title = {Helan {{Mountain}}: The Patron Saint of the {{Yinchuan Plain}}},
  author = {Chen, Xu},
  year = {2010},
  volume = {2},
  journal = {Chinese National Geography}
}

@article{chenSocioeconomicImpactsFlooding2012,
  title = {Socio-Economic {{Impacts}} on {{Flooding}}: {{A}} 4000-{{Year History}} of the {{Yellow River}}, {{China}}},
  shorttitle = {Socio-Economic {{Impacts}} on {{Flooding}}},
  author = {Chen, Yunzhen and Syvitski, James P. M. and Gao, Shu and Overeem, Irina and Kettner, Albert J.},
  year = {2012},
  month = nov,
  volume = {41},
  pages = {682--698},
  issn = {0044-7447, 1654-7209},
  doi = {10.1007/s13280-012-0290-5},
  journal = {Ambio},
  keywords = {非常重要},
  language = {en},
  number = {7}
}

@article{ciemerHigherResilienceClimatic2019,
  title = {Higher Resilience to Climatic Disturbances in Tropical Vegetation Exposed to More Variable Rainfall},
  author = {Ciemer, Catrin and Boers, Niklas and Hirota, Marina and Kurths, J{\"u}rgen and {M{\"u}ller-Hansen}, Finn and Oliveira, Rafael S. and Winkelmann, Ricarda},
  year = {2019},
  month = mar,
  volume = {12},
  pages = {174--179},
  issn = {1752-0894, 1752-0908},
  doi = {10.1038/s41561-019-0312-z},
  journal = {Nature Geoscience},
  language = {en},
  number = {3}
}

@article{ciulloSociohydrologicalModellingFloodrisk2017,
  title = {Socio-Hydrological Modelling of Flood-Risk Dynamics: Comparing the Resilience of Green and Technological Systems},
  author = {Ciullo, Alessio},
  year = {2017},
  pages = {14},
  keywords = {非常重要},
  language = {en}
}

@article{collenteurFailedleveeEffectSocieties2015,
  title = {The Failed-Levee Effect: {{Do}} Societies Learn from Flood Disasters?},
  shorttitle = {The Failed-Levee Effect},
  author = {Collenteur, R. A. and {de Moel}, H. and Jongman, B. and Di Baldassarre, G.},
  year = {2015},
  month = mar,
  volume = {76},
  pages = {373--388},
  issn = {0921-030X, 1573-0840},
  doi = {10.1007/s11069-014-1496-6},
  journal = {Natural Hazards},
  language = {en},
  number = {1}
}

@article{collieRegimeShiftsCan2004,
  title = {Regime Shifts: {{Can}} Ecological Theory Illuminate the Mechanisms?},
  shorttitle = {Regime Shifts},
  author = {Collie, Jeremy S. and Richardson, Katherine and Steele, John H.},
  year = {2004},
  month = feb,
  volume = {60},
  pages = {281--302},
  issn = {00796611},
  doi = {10.1016/j.pocean.2004.02.013},
  journal = {Progress in Oceanography},
  language = {en},
  number = {2-4}
}

@article{coltenSocialMemoryResilience2009,
  title = {Social Memory and Resilience in {{New Orleans}}},
  author = {Colten, Craig E. and Sumpter, Amy R.},
  year = {2009},
  month = mar,
  volume = {48},
  pages = {355--364},
  issn = {1573-0840},
  doi = {10.1007/s11069-008-9267-x},
  journal = {Natural Hazards},
  language = {en},
  number = {3}
}

@article{cosensResilienceWaterGovernance2012,
  title = {Resilience and {{Water Governance}}: {{Adaptive Governance}} in the {{Columbia River Basin}}},
  shorttitle = {Resilience and {{Water Governance}}},
  author = {Cosens, Barbara A. and Williams, Mark Kevin},
  year = {2012},
  volume = {17},
  issn = {1708-3087},
  doi = {10.5751/ES-04986-170403},
  journal = {Ecology and Society},
  language = {en},
  number = {4}
}

@article{costelloGlobalFisheryProspects2016,
  title = {Global Fishery Prospects under Contrasting Management Regimes},
  author = {Costello, Christopher and Ovando, Daniel and Clavelle, Tyler and Strauss, C. Kent and Hilborn, Ray and Melnychuk, Michael C. and Branch, Trevor A. and Gaines, Steven D. and Szuwalski, Cody S. and Cabral, Reniel B. and Rader, Douglas N. and Leland, Amanda},
  year = {2016},
  month = may,
  volume = {113},
  pages = {5125--5129},
  issn = {0027-8424, 1091-6490},
  doi = {10.1073/pnas.1520420113},
  journal = {Proceedings of the National Academy of Sciences},
  language = {en},
  number = {18}
}

@article{coteResilienceThinkingMeets2012,
  title = {Resilience Thinking Meets Social Theory: {{Situating}} Social Change in Socio-Ecological Systems ({{SES}}) Research},
  shorttitle = {Resilience Thinking Meets Social Theory},
  author = {Cote, Muriel and Nightingale, Andrea J.},
  year = {2012},
  month = aug,
  volume = {36},
  pages = {475--489},
  issn = {0309-1325, 1477-0288},
  doi = {10.1177/0309132511425708},
  journal = {Progress in Human Geography},
  language = {en},
  number = {4}
}

@article{coxHistoricalDictionaryGolf2012,
  title = {Historical {{Dictionary}} of {{Golf}}},
  author = {Cox, Richard William},
  year = {2012},
  month = jan,
  volume = {26},
  pages = {54--54},
  publisher = {{Emerald Group Publishing Limited}},
  issn = {0950-4125},
  doi = {10.1108/09504121211240783},
  journal = {Reference Reviews},
  number = {5}
}

@article{crutzenAnthropocene2006,
  ids = {crutzenAnthropocene2006a},
  title = {The ``{{Anthropocene}}''},
  author = {Crutzen, Paul J.},
  year = {2006},
  pages = {13--18},
  doi = {10.1007/3-540-26590-2_3},
  journal = {Earth System Science in the Anthropocene},
  keywords = {1 题目摘要,6 关联,anthropocene},
  language = {en}
}

@article{crutzenGeologyMankind2002,
  ids = {crutzenGeologyMankind2002a},
  title = {Geology of Mankind},
  author = {Crutzen, Paul J.},
  year = {2002},
  month = jan,
  volume = {415},
  pages = {23--23},
  issn = {1476-4687},
  doi = {10.1038/415023a},
  copyright = {2002 Nature Publishing Group},
  journal = {Nature},
  keywords = {1 题目摘要,6 关联,anthropocene},
  language = {en},
  number = {6867}
}

@article{crutzenGeologyMankindTheAnthropocene,
  title = {Geology of Mankind {{TheAnthropocene}}},
  author = {Crutzen, Paul J},
  pages = {1},
  language = {en}
}

@article{cummingHeterarchiesReconcilingNetworks2016,
  title = {Heterarchies: {{Reconciling Networks}} and {{Hierarchies}}},
  author = {Cumming, G. S.},
  year = {2016},
  month = aug,
  volume = {31},
  pages = {622--632},
  issn = {1872-8383 (Electronic) 0169-5347 (Linking)},
  doi = {10.1016/j.tree.2016.04.009},
  journal = {Trends in Ecology \& Evolution},
  keywords = {*complex system,*Ecology,*Ecosystem,*governance,*heterarchy,*hierarchy theory,*network analysis,*social-ecological system,Neurosciences,Politics},
  number = {8}
}

@article{cummingImplicationsAgriculturalTransitions2014,
  ids = {cummingImplicationsAgriculturalTransitions2014a},
  title = {Implications of Agricultural Transitions and Urbanization for Ecosystem Services},
  author = {Cumming, Graeme S. and Buerkert, Andreas and Hoffmann, Ellen M. and Schlecht, Eva and {von Cramon-Taubadel}, Stephan and Tscharntke, Teja},
  year = {2014},
  month = nov,
  volume = {515},
  pages = {50--57},
  issn = {1476-4687},
  doi = {10.1038/nature13945},
  copyright = {2014 Nature Publishing Group},
  journal = {Nature},
  keywords = {7 精读-非常重要,ecosystem service,green or red loop,resource dependency,social-ecological system,transformation,transition,非常重要},
  language = {en},
  number = {7525}
}

@article{cummingLinkingEconomicGrowth2018,
  title = {Linking Economic Growth Pathways and Environmental Sustainability by Understanding Development as Alternate Social\textendash Ecological Regimes},
  author = {Cumming, Graeme S. and {von Cramon-Taubadel}, Stephan},
  year = {2018},
  month = sep,
  volume = {115},
  pages = {9533--9538},
  issn = {0027-8424, 1091-6490},
  doi = {10.1073/pnas.1807026115},
  journal = {Proceedings of the National Academy of Sciences},
  keywords = {2 摘要引言结论,green or red loop,Human Development Index (HDI),非常重要},
  language = {en},
  number = {38}
}

@article{cummingScaleMismatchesSocialEcological2006,
  ids = {cummingScaleMismatchesSocialEcological2006a},
  title = {Scale {{Mismatches}} in {{Social}}-{{Ecological Systems}}: {{Causes}}, {{Consequences}}, and {{Solutions}}},
  shorttitle = {Scale {{Mismatches}} in {{Social}}-{{Ecological Systems}}},
  author = {Cumming, Graeme and Cumming, David H. M. and Redman, Charles},
  year = {2006},
  month = mar,
  volume = {11},
  publisher = {{The Resilience Alliance}},
  issn = {1708-3087},
  doi = {10.5751/ES-01569-110114},
  copyright = {\textcopyright{} 2006 by the author(s)},
  journal = {Ecology and Society},
  language = {en},
  number = {1}
}

@article{cummingUnifyingResearchSocial2017,
  title = {Unifying {{Research}} on {{Social}}\textendash{{Ecological Resilience}} and {{Collapse}}},
  author = {Cumming, Graeme S. and Peterson, Garry D.},
  year = {2017},
  month = sep,
  volume = {32},
  pages = {695--713},
  issn = {01695347},
  doi = {10.1016/j.tree.2017.06.014},
  journal = {Trends in Ecology \& Evolution},
  language = {en},
  number = {9}
}

@article{danielContributionsCulturalServices2012,
  title = {Contributions of Cultural Services to the Ecosystem Services Agenda},
  author = {Daniel, T. C. and Muhar, A. and Arnberger, A. and Aznar, O. and Boyd, J. W. and Chan, K. M. A. and Costanza, R. and Elmqvist, T. and Flint, C. G. and Gobster, P. H. and {Gret-Regamey}, A. and Lave, R. and Muhar, S. and Penker, M. and Ribe, R. G. and Schauppenlehner, T. and Sikor, T. and Soloviy, I. and Spierenburg, M. and Taczanowska, K. and Tam, J. and {von der Dunk}, A.},
  year = {2012},
  month = jun,
  volume = {109},
  pages = {8812--8819},
  issn = {0027-8424, 1091-6490},
  doi = {10.1073/pnas.1114773109},
  journal = {Proceedings of the National Academy of Sciences},
  language = {en},
  number = {23}
}

@article{dasguptaHowMeasureSustainable2015,
  title = {How to Measure Sustainable Progress},
  author = {Dasgupta, P. and Duraiappah, A. and Managi, S. and Barbier, E. and Collins, R. and Fraumeni, B. and Gundimeda, H. and Liu, G. and Mumford, K. J.},
  year = {2015},
  month = nov,
  volume = {350},
  pages = {748--748},
  issn = {0036-8075, 1095-9203},
  doi = {10.1126/science.350.6262.748},
  copyright = {Copyright \textcopyright{} 2015, American Association for the Advancement of Science},
  journal = {Science},
  language = {en},
  number = {6262},
  pmid = {26564839}
}

@article{dasguptaPervasiveExternalitiesPopulation2013,
  title = {Pervasive {{Externalities}} at the {{Population}}, {{Consumption}}, and {{Environment Nexus}}},
  author = {Dasgupta, P. S. and Ehrlich, P. R.},
  year = {2013},
  month = apr,
  volume = {340},
  pages = {324--328},
  issn = {0036-8075, 1095-9203},
  doi = {10.1126/science.1224664},
  journal = {Science},
  language = {en},
  number = {6130}
}

@article{deressaPerceptionAdaptationClimate2011,
  title = {Perception of and Adaptation to Climate Change by Farmers in the {{Nile}} Basin of {{Ethiopia}}},
  author = {Deressa, T. T. and Hassan, R. M. and Ringler, C.},
  year = {2011},
  month = feb,
  volume = {149},
  pages = {23--31},
  issn = {0021-8596, 1469-5146},
  doi = {10.1017/S0021859610000687},
  journal = {The Journal of Agricultural Science},
  language = {en},
  number = {01}
}

@article{desaiMakingDevelopmentSustainable2015,
  title = {Making {{Development Sustainable}}: {{The Future}} of {{Disaster Risk Management}}, {{Global Assessment Report}} on {{Disaster Risk Reduction}}},
  shorttitle = {Making {{Development Sustainable}}},
  author = {Desai, B. and Maskrey, A. and Peduzzi, Pascal and De Bono, Andr{\'e}a and Herold, Christian},
  year = {2015},
  language = {eng}
}

@article{diazInclusiveApproachAssess,
  title = {An Inclusive Approach to Assess Nature's Contributions to People},
  author = {D{\'i}az, Sandra and Pascual, Unai and Stenseke, Marie and {Mart{\'i}n-L{\'o}pez}, Berta and Watson, Robert T and Hill, Rosemary and Chan, Kai M A and Baste, Ivar A and Brauman, Kate A and Polasky, Stephen and Church, Andrew and Lonsdale, Mark and Larigauderie, Anne and Leadley, Paul W and {van}, Alexander P E},
  pages = {11},
  language = {en}
}

@article{dibaldassarreDebatesPerspectivesSociohydrologyCapturing2015,
  title = {Debates-{{Perspectives}} on Socio-Hydrology: {{Capturing}} Feedbacks between Physical and Social Processes: {{A}} Socio-Hydrological Approach to Explore Flood Risk Changes},
  shorttitle = {Debates-{{Perspectives}} on Socio-Hydrology},
  author = {Di Baldassarre, Giuliano and Viglione, Alberto and Carr, Gemma and Kuil, Linda and Yan, Kun and Brandimarte, Luigia and Bl{\"o}schl, G{\"u}nter},
  year = {2015},
  month = jun,
  volume = {51},
  pages = {4770--4781},
  issn = {00431397},
  doi = {10.1002/2014WR016416},
  journal = {Water Resources Research},
  keywords = {非常重要},
  language = {en},
  number = {6}
}

@article{dibaldassarreHumanfloodInteractionsRome2017,
  title = {Human-Flood Interactions in {{Rome}} over the Past 150 Years},
  author = {Di Baldassarre, Giuliano and Sacc{\`a}, Smeralda and Aronica, Giuseppe Tito and Grimaldi, Salvatore and Ciullo, Alessio and Crisci, Massimiliano},
  year = {2017},
  month = feb,
  volume = {44},
  pages = {9--13},
  issn = {1680-7359},
  doi = {10.5194/adgeo-44-9-2017},
  journal = {Advances in Geosciences},
  keywords = {非常重要},
  language = {en}
}

@article{dibaldassarreInterplayHumanPopulation2014,
  title = {The Interplay between Human Population Dynamics and Flooding in {{Bangladesh}}: A Spatial Analysis},
  shorttitle = {The Interplay between Human Population Dynamics and Flooding in {{Bangladesh}}},
  author = {Di Baldassarre, G. and Yan, K. and Ferdous, Md. R. and Brandimarte, L.},
  year = {2014},
  month = sep,
  volume = {364},
  pages = {188--191},
  issn = {2199-899X},
  doi = {10.5194/piahs-364-188-2014},
  journal = {Proceedings of the International Association of Hydrological Sciences},
  language = {en}
}

@article{dibaldassarreSociohydrologyConceptualisingHumanflood2013,
  title = {Socio-Hydrology: Conceptualising Human-Flood Interactions},
  shorttitle = {Socio-Hydrology},
  author = {Di Baldassarre, G. and Viglione, A. and Carr, G. and Kuil, L. and Salinas, J. L. and Bl{\"o}schl, G.},
  year = {2013},
  month = aug,
  volume = {17},
  pages = {3295--3303},
  issn = {1607-7938},
  doi = {10.5194/hess-17-3295-2013},
  journal = {Hydrology and Earth System Sciences},
  language = {en},
  number = {8}
}

@article{dierauerEvaluationLeveeSetbacks2012,
  title = {Evaluation of Levee Setbacks for Flood-Loss Reduction, {{Middle Mississippi River}}, {{USA}}},
  author = {Dierauer, Jennifer and Pinter, Nicholas and Remo, Jonathan W.F.},
  year = {2012},
  month = jul,
  volume = {450-451},
  pages = {1--8},
  issn = {00221694},
  doi = {10.1016/j.jhydrol.2012.05.044},
  journal = {Journal of Hydrology},
  language = {en}
}

@article{dietzSTRUGGLEGOVERNCOMMONS,
  title = {{{THE STRUGGLE TO GOVERN THE COMMONS}}},
  author = {Dietz, Thomas and Ostrom, Elinor and Stern, Paul C},
  pages = {24},
  language = {en}
}

@article{duCityWalkingtraceHow2019,
  title = {City Walking-Trace: {{How}} Watershed Structure and River Network Changes Influenced the Distribution of Cities in the Northern Part of the {{North China Plain}}},
  shorttitle = {City Walking-Trace},
  author = {Du, Longjiang and Peng, Xiao and Wang, Fang},
  year = {2019},
  month = jun,
  volume = {521},
  pages = {54--65},
  issn = {10406182},
  doi = {10.1016/j.quaint.2019.06.014},
  journal = {Quaternary International},
  language = {en}
}

@book{ECOSYSTEMEARTH2017,
  title = {{{ECOSYSTEM EARTH}}},
  year = {2017}
}

@article{ehrlichImpactPopulationGrowth1971,
  title = {Impact of {{Population Growth}}},
  author = {Ehrlich, Paul R and Holdren, John P},
  year = {1971},
  volume = {171},
  pages = {7},
  language = {en}
}

@article{elbakidzeMultiStakeholderCollaborationRussian2010,
  title = {Multi-{{Stakeholder Collaboration}} in {{Russian}} and {{Swedish Model Forest Initiatives}}: {{Adaptive Governance Toward Sustainable Forest Management}}?},
  shorttitle = {Multi-{{Stakeholder Collaboration}} in {{Russian}} and {{Swedish Model Forest Initiatives}}},
  author = {Elbakidze, Marine and Angelstam, Per and Sandstr{\"o}m, Camilla and Axelsson, Robert},
  year = {2010},
  month = jun,
  volume = {15},
  issn = {1708-3087},
  doi = {10.5751/ES-03334-150214},
  copyright = {\textcopyright{} 2010 by the author(s)},
  journal = {Ecology and Society},
  language = {en},
  number = {2}
}

@book{emersonCollaborativeGovernanceRegimes2015,
  title = {Collaborative {{Governance Regimes}}},
  author = {Emerson, Kirk and Nabatchi, Tina},
  year = {2015},
  month = dec,
  publisher = {{Georgetown University Press}},
  googlebooks = {cE5gCwAAQBAJ},
  isbn = {978-1-62616-254-9},
  language = {en}
}

@article{enforsSocialEcologicalTraps2013,
  title = {Social\textendash Ecological Traps and Transformations in Dryland Agro-Ecosystems: {{Using}} Water System Innovations to Change the Trajectory of Development},
  author = {Enfors, Elin},
  year = {2013},
  volume = {23},
  pages = {51--60},
  issn = {09593780},
  doi = {10.1016/j.gloenvcha.2012.10.007},
  journal = {Global Environmental Change},
  number = {1}
}

@book{engineeringEngineeringEcologicalConstraints1996,
  title = {Engineering {{Within Ecological Constraints}}},
  author = {of Engineering, National Academy},
  year = {1996},
  month = apr,
  publisher = {{National Academies Press}},
  googlebooks = {qXxOAgAAQBAJ},
  isbn = {978-0-309-59647-3},
  language = {en}
}

@article{epsteinInstitutionalFitSustainability2015,
  ids = {epsteinInstitutionalFitSustainability2015a},
  title = {Institutional Fit and the Sustainability of Social\textendash Ecological Systems},
  author = {Epstein, Graham and Pittman, Jeremy and Alexander, Steven M and Berdej, Samantha and Dyck, Thomas and Kreitmair, Ursula and Rathwell, Kaitlyn J and {Villamayor-Tomas}, Sergio and Vogt, Jessica and Armitage, Derek},
  year = {2015},
  month = jun,
  volume = {14},
  pages = {34--40},
  issn = {18773435},
  doi = {10.1016/j.cosust.2015.03.005},
  journal = {Current Opinion in Environmental Sustainability},
  keywords = {非常重要},
  language = {en}
}

@article{fangEnergySustainabilityFramework2016,
  title = {Energy Sustainability under the Framework of Telecoupling},
  author = {Fang, Baling and Tan, Yi and Li, Canbing and Cao, Yijia and Liu, Jianguo and Schweizer, Pia-Johanna and Shi, Haiqing and Zhou, Bin and Chen, Hao and Hu, Zhuangli},
  year = {2016},
  month = jul,
  volume = {106},
  pages = {253--259},
  issn = {0360-5442},
  doi = {10.1016/j.energy.2016.03.055},
  journal = {Energy},
  language = {en}
}

@article{fantaHowLongFloods2019,
  title = {How Long Do Floods throughout the Millennium Remain in the Collective Memory?},
  author = {Fanta, V{\'a}clav and {\v S}{\'a}lek, Miroslav and Sklenicka, Petr},
  year = {2019},
  month = dec,
  volume = {10},
  pages = {1105},
  issn = {2041-1723},
  doi = {10.1038/s41467-019-09102-3},
  journal = {Nature Communications},
  keywords = {2 摘要引言结论,collective memory,flood risk,floodplain,socio-hydrology,非常重要},
  language = {en},
  number = {1}
}

@article{fengGlobalDrylandEcosystem2020,
  title = {Global {{Dryland Ecosystem Programme}} ({{Global}}-{{DEP}}): {{Australasian}} Consultation Report},
  author = {Feng, Xiaoming and {Stafford-Smith}, Mark and Zhang, Lu and Lyu, Nan and Lyu, Yihe and Fu, Bojie and Xu, Zhihong},
  year = {2020},
  volume = {20},
  pages = {1807--1810},
  issn = {1439-0108 1614-7480},
  doi = {10.1007/s11368-020-02599-y},
  journal = {Journal of Soils and Sediments},
  number = {4}
}

@article{fengRevegetationChinaLoess2016,
  ids = {fengRevegetationChinaLoess2016a},
  title = {Revegetation in {{China}}'s {{Loess Plateau}} Is Approaching Sustainable Water Resource Limits},
  author = {Feng, Xiaoming and Fu, Bojie and Piao, Shilong and Wang, Shuai and Ciais, Philippe and Zeng, Zhenzhong and L{\"u}, Yihe and Zeng, Yuan and Li, Yue and Jiang, Xiaohui and Wu, Bingfang},
  year = {2016},
  month = nov,
  volume = {6},
  pages = {1019--1022},
  publisher = {{Nature Publishing Group}},
  issn = {1758-6798},
  doi = {10.1038/nclimate3092},
  copyright = {2016 Nature Publishing Group},
  journal = {Nature Climate Change},
  language = {en},
  number = {11}
}

@article{fikselSustainabilityResilienceSystems2006,
  title = {Sustainability and Resilience: Toward a Systems Approach},
  shorttitle = {Sustainability and Resilience},
  author = {Fiksel, Joseph},
  year = {2006},
  month = oct,
  volume = {2},
  pages = {14--21},
  publisher = {{Taylor \& Francis}},
  issn = {null},
  doi = {10.1080/15487733.2006.11907980},
  journal = {Sustainability: Science, Practice and Policy},
  number = {2}
}

@article{filatovaRegimeShiftsCoupled2016,
  ids = {filatovaRegimeShiftsCoupled2016a},
  title = {Regime Shifts in Coupled Socio-Environmental Systems: {{Review}} of Modelling Challenges and Approaches},
  shorttitle = {Regime Shifts in Coupled Socio-Environmental Systems},
  author = {Filatova, Tatiana and Polhill, J. Gary and {van Ewijk}, Stijn},
  year = {2016},
  month = jan,
  volume = {75},
  pages = {333--347},
  issn = {1364-8152},
  doi = {10.1016/j.envsoft.2015.04.003},
  journal = {Environmental Modelling \& Software},
  keywords = {Complex system,Critical transition,Modelling,Non-marginal-change,Regime shift,Structural change},
  language = {en}
}

@article{finanMakingRainMaking2001,
  title = {Making Rain, Making Roads, Making Do: Public and Private Adaptations to Drought in {{Cear\'a}}, {{Northeast Brazil}}},
  shorttitle = {Making Rain, Making Roads, Making Do},
  author = {Finan, Tj and Nelson, Dr},
  year = {2001},
  volume = {19},
  pages = {97--108},
  issn = {0936-577X, 1616-1572},
  doi = {10.3354/cr019097},
  journal = {Climate Research},
  language = {en}
}

@article{florkeWaterCompetitionCities2018,
  title = {Water Competition between Cities and Agriculture Driven by Climate Change and Urban Growth},
  author = {Fl{\"o}rke, Martina and Schneider, Christof and McDonald, Robert I.},
  year = {2018},
  month = jan,
  volume = {1},
  pages = {51--58},
  publisher = {{Nature Publishing Group}},
  issn = {2398-9629},
  doi = {10.1038/s41893-017-0006-8},
  copyright = {2017 \textcopyright{} The Author(s) 2018, under exclusive licence to Macmillan Publishers Limited, part of Springer Nature},
  journal = {Nature Sustainability},
  keywords = {water lopsidedness,water tendentiousness,引言},
  language = {en},
  number = {1}
}

@article{foleySolutionsCultivatedPlanet2011,
  title = {Solutions for a Cultivated Planet},
  author = {Foley, Jonathan A. and Ramankutty, Navin and Brauman, Kate A. and Cassidy, Emily S. and Gerber, James S. and Johnston, Matt and Mueller, Nathaniel D. and O'Connell, Christine and Ray, Deepak K. and West, Paul C. and Balzer, Christian and Bennett, Elena M. and Carpenter, Stephen R. and Hill, Jason and Monfreda, Chad and Polasky, Stephen and Rockstr{\"o}m, Johan and Sheehan, John and Siebert, Stefan and Tilman, David and Zaks, David P. M.},
  year = {2011},
  month = oct,
  volume = {478},
  pages = {337--342},
  issn = {0028-0836, 1476-4687},
  doi = {10.1038/nature10452},
  journal = {Nature},
  language = {en},
  number = {7369}
}

@article{folkeADAPTIVEGOVERNANCESOCIALECOLOGICAL2005,
  ids = {folkeAdaptiveGovernanceSocialEcological2005},
  title = {{{ADAPTIVE GOVERNANCE OF SOCIAL}}-{{ECOLOGICAL SYSTEMS}}},
  author = {Folke, Carl and Hahn, Thomas and Olsson, Per and Norberg, Jon},
  year = {2005},
  month = nov,
  volume = {30},
  pages = {441--473},
  issn = {1543-5938, 1545-2050},
  doi = {10.1146/annurev.energy.30.050504.144511},
  journal = {Annual Review of Environment and Resources},
  language = {en},
  number = {1}
}

@article{folkeProblemFitEcosystems2007,
  title = {The {{Problem}} of {{Fit}} between {{Ecosystems}} and {{Institutions}}: {{Ten Years Later}}},
  shorttitle = {The {{Problem}} of {{Fit}} between {{Ecosystems}} and {{Institutions}}},
  author = {Folke, Carl and Pritchard, Jr and Berkes, Fikret and Colding, Johan and Svedin, Uno},
  year = {2007},
  month = jun,
  volume = {12},
  publisher = {{The Resilience Alliance}},
  issn = {1708-3087},
  doi = {10.5751/ES-02064-120130},
  copyright = {\textcopyright{} 2007 by the author(s)},
  journal = {Ecology and Society},
  keywords = {非常重要},
  language = {en},
  number = {1}
}

@article{folkeResilienceEmergencePerspective2006,
  ids = {folkeResilienceEmergencePerspective2006a},
  title = {Resilience: {{The}} Emergence of a Perspective for Social\textendash Ecological Systems Analyses},
  shorttitle = {Resilience},
  author = {Folke, Carl},
  year = {2006},
  month = aug,
  volume = {16},
  pages = {253--267},
  issn = {09593780},
  doi = {10.1016/j.gloenvcha.2006.04.002},
  journal = {Global Environmental Change},
  language = {en},
  number = {3}
}

@article{folkeResilienceThinkingIntegrating2010,
  title = {Resilience {{Thinking}}: {{Integrating Resilience}}, {{Adaptability}} and {{Transformability}}},
  shorttitle = {Resilience {{Thinking}}},
  author = {Folke, Carl and Carpenter, Stephen R. and Walker, Brian and Scheffer, Marten and Chapin, Terry and Rockstr{\"o}m, Johan},
  year = {2010},
  volume = {15},
  pages = {art20},
  issn = {1708-3087},
  doi = {10.5751/ES-03610-150420},
  journal = {Ecology and Society},
  language = {en},
  number = {4}
}

@article{folkeSocialecologicalResilienceBiospherebased2016,
  title = {Social-Ecological Resilience and Biosphere-Based Sustainability Science},
  author = {Folke, Carl and Biggs, Reinette and Norstr{\"o}m, Albert V. and Reyers, Belinda and Rockstr{\"o}m, Johan},
  year = {2016},
  volume = {21},
  issn = {1708-3087},
  doi = {10.5751/es-08748-210341},
  journal = {Ecology and Society},
  number = {3}
}

@article{fosu-mensahFarmersPerceptionAdaptation2012,
  title = {Farmers' Perception and Adaptation to Climate Change: A Case Study of {{Sekyedumase}} District in {{Ghana}}},
  shorttitle = {Farmers' Perception and Adaptation to Climate Change},
  author = {{Fosu-Mensah}, B. Y. and Vlek, P. L. G. and MacCarthy, D. S.},
  year = {2012},
  month = aug,
  volume = {14},
  pages = {495--505},
  issn = {1387-585X, 1573-2975},
  doi = {10.1007/s10668-012-9339-7},
  journal = {Environment, Development and Sustainability},
  language = {en},
  number = {4}
}

@article{fourcadeSuperiorityEconomists2015,
  title = {The {{Superiority}} of {{Economists}}},
  author = {Fourcade, Marion and Ollion, Etienne and Algan, Yann},
  year = {2015},
  month = feb,
  volume = {29},
  pages = {89--114},
  issn = {0895-3309},
  doi = {10.1257/jep.29.1.89},
  journal = {Journal of Economic Perspectives},
  language = {en},
  number = {1}
}

@article{freyMotivationCrowdingTheory2000,
  title = {Motivation Crowding Theory: A Survey of Empirical Evidence},
  shorttitle = {Motivation Crowding Theory},
  author = {Frey, Bruno S. and Jegen, Reto},
  year = {2000},
  doi = {10.3929/ethz-a-004373506},
  journal = {ETH Zurich},
  language = {en}
}

@article{fuchsFloodRiskPerception2017,
  title = {Flood Risk Perception and Adaptation Capacity: A Contribution to the Socio-Hydrology Debate},
  shorttitle = {Flood Risk Perception and Adaptation Capacity},
  author = {Fuchs, Sven and Karagiorgos, Konstantinos and Kitikidou, Kyriaki and Maris, Fotios and Paparrizos, Spyridon and Thaler, Thomas},
  year = {2017},
  month = jun,
  volume = {21},
  pages = {3183--3198},
  issn = {1607-7938},
  doi = {10.5194/hess-21-3183-2017},
  journal = {Hydrology and Earth System Sciences},
  language = {en},
  number = {6}
}

@article{fuClassificationCoordinationCollaboration2020,
  title = {Classification\textendash Coordination\textendash Collaboration: A Systems Approach for Advancing {{Sustainable Development Goals}}},
  author = {Fu, Bojie and Zhang, Junze and Wang, Shuai and Zhao, Wenwu},
  year = {2020},
  volume = {7},
  pages = {838--840},
  issn = {2095-5138 2053-714X},
  doi = {10.1093/nsr/nwaa048},
  journal = {National Science Review},
  number = {5}
}

@article{fuHydrogeomorphicEcosystemResponses2017,
  ids = {fuHydrogeomorphicEcosystemResponses2017a,fuHydrogeomorphicEcosystemResponses2017b},
  title = {Hydrogeomorphic {{Ecosystem Responses}} to {{Natural}} and {{Anthropogenic Changes}} in the {{Loess Plateau}} of {{China}}},
  author = {Fu, Bojie and Wang, Shuai and Liu, Yu and Liu, Jianbo and Liang, Wei and Miao, Chiyuan},
  year = {2017},
  month = aug,
  volume = {45},
  pages = {223--243},
  issn = {0084-6597, 1545-4495},
  doi = {10.1146/annurev-earth-063016-020552},
  journal = {Annual Review of Earth and Planetary Sciences},
  language = {en},
  number = {1}
}

@article{fuPromotingGeographySustainability2020,
  title = {Promoting {{Geography}} for {{Sustainability}}},
  author = {Fu, Bojie},
  year = {2020},
  volume = {1},
  pages = {1--7},
  issn = {26666839},
  doi = {10.1016/j.geosus.2020.02.003},
  journal = {Geography and Sustainability},
  number = {1}
}

@article{garcia-gavilanesMemoryRemainsUnderstanding2017,
  ids = {garcia-gavilanesMemoryRemainsUnderstanding2017a},
  title = {The Memory Remains: {{Understanding}} Collective Memory in the Digital Age},
  shorttitle = {The Memory Remains},
  author = {{Garc{\'i}a-Gavilanes}, Ruth and Mollgaard, Anders and Tsvetkova, Milena and Yasseri, Taha},
  year = {2017},
  month = apr,
  volume = {3},
  pages = {e1602368},
  publisher = {{American Association for the Advancement of Science}},
  issn = {2375-2548},
  doi = {10.1126/sciadv.1602368},
  chapter = {Research Article},
  journal = {Science Advances},
  language = {en},
  number = {4}
}

@article{garmestaniFrameworkResiliencebasedGovernance2013,
  title = {A {{Framework}} for {{Resilience}}-Based {{Governance}} of {{Social}}-{{Ecological Systems}}},
  author = {Garmestani, Ahjond S. and Benson, Melinda Harm},
  year = {2013},
  volume = {18},
  issn = {1708-3087},
  doi = {10.5751/ES-05180-180109},
  journal = {Ecology and Society},
  language = {en},
  number = {1}
}

@book{geChinesePopulationHistory2000,
  title = {Chinese Population History},
  author = {Ge, Jianxiong},
  year = {2000},
  publisher = {{Fudan University Press}},
  address = {{Shanghai}}
}

@book{geClimateChangeChinese2011,
  title = {{Climate change in Chinese historical dynasties}},
  author = {Ge, Quansheng},
  year = {2011},
  publisher = {{Chinese Science Press}},
  address = {{Beijing, China}},
  language = {Chinese}
}

@article{geCoherenceClimaticReconstruction2008,
  title = {Coherence of Climatic Reconstruction from Historical Documents in {{China}} by Different Studies},
  author = {Ge, Quansheng and Zheng, Jingyun and Tian, Yanyu and Wu, Wenxiang and Fang, Xiuqi and Wang, Wei-Chyung},
  year = {2008},
  volume = {28},
  pages = {1007--1024},
  issn = {1097-0088},
  doi = {10.1002/joc.1552},
  copyright = {Copyright \textcopyright{} 2007 Royal Meteorological Society},
  journal = {International Journal of Climatology},
  language = {en},
  number = {8}
}

@article{geDuiMingDaiRenKouZongShuDeXinGuJi1995,
  title = {{对明代人口总数的新估计}},
  author = {葛, 剑雄 and 曹, 树基},
  year = {1995},
  pages = {33--44},
  issn = {10027963},
  journal = {中国史研究},
  language = {中文},
  lccn = {111039K},
  number = {01}
}

@article{gelcichNavigatingTransformationsGovernance2010,
  title = {Navigating Transformations in Governance of {{Chilean}} Marine Coastal Resources},
  author = {Gelcich, S. and Hughes, T. P. and Olsson, P. and Folke, C. and Defeo, O. and Fernandez, M. and Foale, S. and Gunderson, L. H. and {Rodriguez-Sickert}, C. and Scheffer, M. and Steneck, R. S. and Castilla, J. C.},
  year = {2010},
  month = sep,
  volume = {107},
  pages = {16794--16799},
  issn = {0027-8424, 1091-6490},
  doi = {10.1073/pnas.1012021107},
  journal = {Proceedings of the National Academy of Sciences},
  language = {en},
  number = {39}
}

@article{geMeiyuMiddleLower2008,
  title = {Meiyu in the Middle and Lower Reaches of the {{Yangtze River}} since 1736},
  author = {Ge, QuanSheng and Guo, XiFeng and Zheng, JingYun and Hao, ZhiXin},
  year = {2008},
  month = jan,
  volume = {53},
  pages = {107--114},
  issn = {1861-9541},
  doi = {10.1007/s11434-007-0440-5},
  journal = {Chinese Science Bulletin},
  language = {en},
  number = {1}
}

@article{geNewEstimateTotal1995,
  title = {{New estimate of the total population of the Ming Dynasty}},
  author = {Ge, Jianxiong and Cao, Shuji},
  year = {1995},
  pages = {33--44},
  journal = {Chinese HistoryResearch},
  language = {Chinese},
  number = {1}
}

@article{geWinterHalfyearTemperature2003,
  title = {Winter Half-Year Temperature Reconstruction for the Middle and Lower Reaches of the {{Yellow River}} and {{Yangtze River}}, {{China}}, during the Past 2000 Years},
  author = {Ge, Quansheng and Zheng, Jingyun and Fang, Xiuqi and Man, Zhimin and Zhang, Xueqin and Zhang, Piyuan and Wang, Wei-Chyung},
  year = {2003},
  month = sep,
  volume = {13},
  pages = {933--940},
  issn = {0959-6836},
  doi = {10.1191/0959683603hl680rr},
  journal = {The Holocene},
  language = {en},
  number = {6}
}

@article{glaserHumanNatureInteraction2008,
  title = {Human/{{Nature Interaction}} in the {{Anthropocene Potential}} of {{Social}}-{{Ecological Systems Analysis}}},
  author = {Glaser, Marion and Krause, Gesche and Ratter, Beate and Welp, Martin},
  year = {2008},
  month = mar,
  volume = {17},
  pages = {77--80},
  issn = {0940-5550},
  doi = {10.14512/gaia.17.1.18},
  journal = {GAIA - Ecological Perspectives for Science and Society},
  language = {en},
  number = {1}
}

@article{gleesonIlluminatingWaterCycle2020,
  title = {Illuminating Water Cycle Modifications and {{Earth}} System Resilience in the {{Anthropocene}}},
  author = {Gleeson, Tom and Wang-Erlandsson, Lan and Porkka, Miina and Zipper, Samuel C. and Jaramillo, Fernando and Gerten, Dieter and Fetzer, Ingo and Cornell, Sarah E. and Piemontese, Luigi and Gordon, Line J. and Rockstr{\"o}m, Johan and Oki, Taikan and Sivapalan, Murugesu and Wada, Yoshihide and Brauman, Kate A. and Fl{\"o}rke, Martina and Bierkens, Marc F. P. and Lehner, Bernhard and Keys, Patrick and Kummu, Matti and Wagener, Thorsten and Dadson, Simon and Troy, Tara J. and Steffen, Will and Falkenmark, Malin and Famiglietti, James S.},
  year = {2020},
  month = apr,
  volume = {56},
  issn = {0043-1397, 1944-7973},
  doi = {10.1029/2019WR024957},
  journal = {Water Resources Research},
  keywords = {2 摘要引言结论,anthropocene,earth system science,freshwater,planet boundary,regime shift,resilience,water cycle,非常重要},
  language = {en},
  number = {4}
}

@article{goberDebatesPerspectivesSociohydrologyModeling2015,
  title = {Debates-{{Perspectives}} on Socio-Hydrology: {{Modeling}} Flood Risk as a Public Policy Problem: {{Socio}}-{{Hydrology Modeling}} for {{Public Policy Problems}}},
  shorttitle = {Debates-{{Perspectives}} on Socio-Hydrology},
  author = {Gober, Patricia and Wheater, Howard S.},
  year = {2015},
  month = jun,
  volume = {51},
  pages = {4782--4788},
  issn = {00431397},
  doi = {10.1002/2015WR016945},
  journal = {Water Resources Research},
  language = {en},
  number = {6}
}

@article{goldsteinIntegratingEcosystemserviceTradeoffs2012,
  title = {Integrating Ecosystem-Service Tradeoffs into Land-Use Decisions},
  author = {Goldstein, J. H. and Caldarone, G. and Duarte, T. K. and Ennaanay, D. and Hannahs, N. and Mendoza, G. and Polasky, S. and Wolny, S. and Daily, G. C.},
  year = {2012},
  month = may,
  volume = {109},
  pages = {7565--7570},
  issn = {0027-8424, 1091-6490},
  doi = {10.1073/pnas.1201040109},
  journal = {Proceedings of the National Academy of Sciences},
  language = {en},
  number = {19}
}

@article{gordonAgriculturalModificationsHydrological2008,
  title = {Agricultural Modifications of Hydrological Flows Create Ecological Surprises},
  author = {Gordon, Line J. and Peterson, Garry D. and Bennett, Elena M.},
  year = {2008},
  month = apr,
  volume = {23},
  pages = {211--219},
  issn = {01695347},
  doi = {10.1016/j.tree.2007.11.011},
  journal = {Trends in Ecology \& Evolution},
  language = {en},
  number = {4}
}

@article{graftonRealizingResilienceDecisionmaking2019,
  title = {Realizing Resilience for Decision-Making},
  author = {Grafton, R. Quentin and Doyen, Luc and B{\'e}n{\'e}, Christophe and Borgomeo, Edoardo and Brooks, Kate and Chu, Long and Cumming, Graeme S. and Dixon, John and Dovers, Stephen and Garrick, Dustin and Helfgott, Ariella and Jiang, Qiang and Katic, Pamela and Kompas, Tom and Little, L. Richard and Matthews, Nathanial and Ringler, Claudia and Squires, Dale and Steinshamn, Stein Ivar and Villasante, Sebasti{\'a}n and Wheeler, Sarah and Williams, John and Wyrwoll, Paul R.},
  year = {2019},
  volume = {2},
  pages = {907--913},
  issn = {2398-9629},
  doi = {10.1038/s41893-019-0376-1},
  journal = {Nature Sustainability},
  number = {10}
}

@article{grantPrivateProvisionPublic2019,
  title = {Private Provision of Public Goods by Environmental Groups},
  author = {Grant, Laura and Langpap, Christian},
  year = {2019},
  month = mar,
  volume = {116},
  pages = {5334--5340},
  issn = {0027-8424, 1091-6490},
  doi = {10.1073/pnas.1805336115},
  journal = {Proceedings of the National Academy of Sciences},
  language = {en},
  number = {12}
}

@article{greenstoneDevelopingSocialCost2013,
  title = {Developing a {{Social Cost}} of {{Carbon}} for {{US Regulatory Analysis}}: {{A Methodology}} and {{Interpretation}}},
  shorttitle = {Developing a {{Social Cost}} of {{Carbon}} for {{US Regulatory Analysis}}},
  author = {Greenstone, M. and Kopits, E. and Wolverton, A.},
  year = {2013},
  month = jan,
  volume = {7},
  pages = {23--46},
  issn = {1750-6816, 1750-6824},
  doi = {10.1093/reep/res015},
  journal = {Review of Environmental Economics and Policy},
  language = {en},
  number = {1}
}

@article{greveGlobalAssessmentWater2018a,
  title = {Global Assessment of Water Challenges under Uncertainty in Water Scarcity Projections},
  author = {Greve, P. and Kahil, T. and Mochizuki, J. and Schinko, T. and Satoh, Y. and Burek, P. and Fischer, G. and Tramberend, S. and Burtscher, R. and Langan, S. and Wada, Y.},
  year = {2018},
  month = sep,
  volume = {1},
  pages = {486--494},
  publisher = {{Nature Publishing Group}},
  issn = {2398-9629},
  doi = {10.1038/s41893-018-0134-9},
  copyright = {2018 The Author(s), under exclusive licence to Springer Nature Limited},
  journal = {Nature Sustainability},
  keywords = {water stress,引言},
  language = {en},
  number = {9}
}

@article{grothmannAdaptiveCapacityHuman2005,
  title = {Adaptive Capacity and Human Cognition: {{The}} Process of Individual Adaptation to Climate Change},
  shorttitle = {Adaptive Capacity and Human Cognition},
  author = {Grothmann, Torsten and Patt, Anthony},
  year = {2005},
  month = oct,
  volume = {15},
  pages = {199--213},
  issn = {09593780},
  doi = {10.1016/j.gloenvcha.2005.01.002},
  journal = {Global Environmental Change},
  language = {en},
  number = {3}
}

@article{guerreroAchievingSocialecologicalFit2015,
  title = {Achieving Social-Ecological Fit through Bottom-up Collaborative Governance: An Empirical Investigation},
  shorttitle = {Achieving Social-Ecological Fit through Bottom-up Collaborative Governance},
  author = {Guerrero, Angela and Bodin, {\"O}rjan and McAllister, Ryan and Wilson, Kerrie},
  year = {2015},
  month = dec,
  volume = {20},
  issn = {1708-3087},
  doi = {10.5751/ES-08035-200441},
  copyright = {\textcopyright{} 2015 by the author(s)},
  journal = {Ecology and Society},
  language = {en},
  number = {4}
}

@article{guerryNaturalCapitalEcosystem2015,
  title = {Natural Capital and Ecosystem Services Informing Decisions: {{From}} Promise to Practice},
  shorttitle = {Natural Capital and Ecosystem Services Informing Decisions},
  author = {Guerry, Anne D. and Polasky, Stephen and Lubchenco, Jane and {Chaplin-Kramer}, Rebecca and Daily, Gretchen C. and Griffin, Robert and Ruckelshaus, Mary and Bateman, Ian J. and Duraiappah, Anantha and Elmqvist, Thomas and Feldman, Marcus W. and Folke, Carl and Hoekstra, Jon and Kareiva, Peter M. and Keeler, Bonnie L. and Li, Shuzhuo and McKenzie, Emily and Ouyang, Zhiyun and Reyers, Belinda and Ricketts, Taylor H. and Rockstr{\"o}m, Johan and Tallis, Heather and Vira, Bhaskar},
  year = {2015},
  month = jun,
  volume = {112},
  pages = {7348--7355},
  issn = {0027-8424, 1091-6490},
  doi = {10.1073/pnas.1503751112},
  journal = {Proceedings of the National Academy of Sciences},
  language = {en},
  number = {24}
}

@article{gundersonAdaptiveManagementAdaptive2007,
  title = {Adaptive Management and Adaptive Governance in the Everglades Ecosystem},
  author = {Gunderson, Lance and Light, Stephen S.},
  year = {2007},
  month = jan,
  volume = {39},
  pages = {323--334},
  issn = {0032-2687, 1573-0891},
  doi = {10.1007/s11077-006-9027-2},
  journal = {Policy Sciences},
  language = {en},
  number = {4}
}

@article{gusmaocaiadoLiteraturebasedReviewPotentials2018,
  title = {A Literature-Based Review on Potentials and Constraints in the Implementation of the Sustainable Development Goals},
  author = {Gusm{\~a}o Caiado, Rodrigo Goyannes and Leal Filho, Walter and Quelhas, Osvaldo Luiz Gon{\c c}alves and {Luiz de Mattos Nascimento}, Daniel and {\'A}vila, Lucas Veigas},
  year = {2018},
  volume = {198},
  pages = {1276--1288},
  issn = {09596526},
  doi = {10.1016/j.jclepro.2018.07.102},
  journal = {Journal of Cleaner Production}
}

@article{gutierrezLeadershipSocialCapital2011,
  title = {Leadership, Social Capital and Incentives Promote Successful Fisheries},
  author = {Guti{\'e}rrez, Nicol{\'a}s L. and Hilborn, Ray and Defeo, Omar},
  year = {2011},
  month = feb,
  volume = {470},
  pages = {386--389},
  issn = {0028-0836, 1476-4687},
  doi = {10.1038/nature09689},
  journal = {Nature},
  language = {en},
  number = {7334}
}

@article{haasnootDynamicAdaptivePolicy2013,
  title = {Dynamic Adaptive Policy Pathways: {{A}} Method for Crafting Robust Decisions for a Deeply Uncertain World},
  author = {Haasnoot, Marjolijn and Kwakkel, Jan H. and Walker, Warren E. and {ter Maat}, Judith},
  year = {2013},
  volume = {23},
  pages = {485--498},
  issn = {09593780},
  doi = {10.1016/j.gloenvcha.2012.12.006},
  journal = {Global Environmental Change},
  number = {2}
}

@article{hallegatteStrategiesAdaptUncertain2009,
  title = {Strategies to Adapt to an Uncertain Climate Change},
  author = {Hallegatte, St{\'e}phane},
  year = {2009},
  month = may,
  volume = {19},
  pages = {240--247},
  issn = {09593780},
  doi = {10.1016/j.gloenvcha.2008.12.003},
  journal = {Global Environmental Change},
  language = {en},
  number = {2}
}

@article{hallerHowFitTurns2013,
  title = {How Fit Turns into Misfit and Back: {{Institutional Transformations}} of {{Pastoral Commons}} in {{African Floodplains}}},
  shorttitle = {How Fit Turns into Misfit and Back},
  author = {Haller, Tobias and Fokou, Gilbert and Mbeyale, Gimbage and Meroka, Patrick},
  year = {2013},
  month = mar,
  volume = {18},
  publisher = {{The Resilience Alliance}},
  issn = {1708-3087},
  doi = {10.5751/ES-05510-180134},
  copyright = {\textcopyright{} 2013 by the author(s)},
  journal = {Ecology and Society},
  language = {en},
  number = {1}
}

@article{halpernGlobalMapHuman2008,
  title = {A {{Global Map}} of {{Human Impact}} on {{Marine Ecosystems}}},
  author = {Halpern, Benjamin S. and Walbridge, Shaun and Selkoe, Kimberly A. and Kappel, Carrie V. and Micheli, Fiorenza and D'Agrosa, Caterina and Bruno, John F. and Casey, Kenneth S. and Ebert, Colin and Fox, Helen E. and Fujita, Rod and Heinemann, Dennis and Lenihan, Hunter S. and Madin, Elizabeth M. P. and Perry, Matthew T. and Selig, Elizabeth R. and Spalding, Mark and Steneck, Robert and Watson, Reg},
  year = {2008},
  month = feb,
  volume = {319},
  pages = {948--952},
  issn = {0036-8075, 1095-9203},
  doi = {10.1126/science.1149345},
  journal = {Science},
  language = {en},
  number = {5865}
}

@article{hardinExtensionsTragedyCommons1998,
  title = {Extensions of "{{The Tragedy}} of the {{Commons}}"},
  author = {Hardin, Garrett},
  year = {1998},
  volume = {280},
  pages = {682--683},
  issn = {0036-8075},
  journal = {Science},
  number = {5364}
}

@techreport{hassanEcosystemsHumanWellbeing2005,
  title = {Ecosystems and Human Well-Being: Current State and Trends},
  shorttitle = {Ecosystems and Human Well-Being},
  author = {Hassan, R. (ed ) and Scholes, R. (ed ) and Ash, N. (ed )},
  year = {2005},
  institution = {{Millennium Ecosystem Assessment}}
}

@article{haugeSustainingCooperationSelfsorting2019,
  title = {Sustaining Cooperation through Self-Sorting: {{The}} Good, the Bad, and the Conditional},
  shorttitle = {Sustaining Cooperation through Self-Sorting},
  author = {Hauge, Karen Evelyn and Brekke, Kjell Arne and Nyborg, Karine and Lind, Jo Thori},
  year = {2019},
  month = mar,
  volume = {116},
  pages = {5299--5304},
  issn = {0027-8424, 1091-6490},
  doi = {10.1073/pnas.1802875115},
  journal = {Proceedings of the National Academy of Sciences},
  language = {en},
  number = {12}
}

@article{henryInvestmentDecisionsUncertainty1974,
  title = {Investment {{Decisions Under Uncertainty}}: {{The}} "{{Irreversibility Effect}}"},
  shorttitle = {Investment {{Decisions Under Uncertainty}}},
  author = {Henry, Claude},
  year = {1974},
  volume = {64},
  pages = {1006--1012},
  issn = {0002-8282},
  journal = {The American Economic Review},
  number = {6}
}

@article{heReconstructionCroplandArea2012,
  title = {Reconstruction of Cropland Area and Spatial Distribution in the Mid-{{Northern Song Dynasty}} ({{AD1004}}-1085)},
  author = {He, Fanneng and Li, Shicheng and Zhang, Xuezhen},
  year = {2012},
  month = apr,
  volume = {22},
  pages = {359--370},
  issn = {1009-637X, 1861-9568},
  doi = {10.1007/s11442-012-0932-3},
  journal = {Journal of Geographical Sciences},
  language = {en},
  number = {2}
}

@article{hillWorkingIndigenousLocal2020,
  title = {Working with Indigenous, Local and Scientific Knowledge in Assessments of Nature and Nature's Linkages with People},
  author = {Hill, Rosemary and Adem, {\c C}i{\u g}dem and Alangui, Wilfred V. and Moln{\'a}r, Zsolt and {Aumeeruddy-Thomas}, Yildiz and Bridgewater, Peter and Teng{\"o}, Maria and Thaman, Randy and Adou Yao, Constant Y. and Berkes, Fikret and Carino, Joji and {Carneiro da Cunha}, Manuela and Diaw, Mariteuw C. and D{\'i}az, Sandra and Figueroa, Viviana E. and Fisher, Judy and Hardison, Preston and Ichikawa, Kaoru and Kariuki, Peris and Karki, Madhav and Lyver, Phil O. B. and Malmer, Pernilla and Masardule, Onel and Oteng Yeboah, Alfred A. and Pacheco, Diego and Pataridze, Tamar and Perez, Edgar and Rou{\'e}, Mich{\`e}le-Marie and Roba, Hassan and Rubis, Jennifer and Saito, Osamu and Xue, Dayuan},
  year = {2020},
  volume = {43},
  pages = {8--20},
  issn = {18773435},
  doi = {10.1016/j.cosust.2019.12.006},
  journal = {Current Opinion in Environmental Sustainability}
}

@article{hirabayashiGlobalFloodRisk2013,
  title = {Global Flood Risk under Climate Change},
  author = {Hirabayashi, Yukiko and Mahendran, Roobavannan and Koirala, Sujan and Konoshima, Lisako and Yamazaki, Dai and Watanabe, Satoshi and Kim, Hyungjun and Kanae, Shinjiro},
  year = {2013},
  month = sep,
  volume = {3},
  pages = {816--821},
  issn = {1758-6798},
  doi = {10.1038/nclimate1911},
  copyright = {2013 Nature Publishing Group},
  journal = {Nature Climate Change},
  language = {en},
  number = {9}
}

@article{hirstCollectiveMemoryPsychological2018,
  title = {Collective {{Memory}} from a {{Psychological Perspective}}},
  author = {Hirst, William and Yamashiro, Jeremy K. and Coman, Alin},
  year = {2018},
  month = may,
  volume = {22},
  pages = {438--451},
  issn = {13646613},
  doi = {10.1016/j.tics.2018.02.010},
  journal = {Trends in Cognitive Sciences},
  keywords = {重要},
  language = {en},
  number = {5}
}

@article{huber-sannwaldNavigatingChallengesOpportunities2012,
  title = {Navigating Challenges and Opportunities of Land Degradation and Sustainable Livelihood Development in Dryland Social-Ecological Systems: A Case Study from {{Mexico}}},
  author = {{Huber-Sannwald}, E. and Palacios, M. R. and Moreno, J. T. and Braasch, M. and Pena, R. M. and Verduzco, J. G. and Santos, K. M.},
  year = {2012},
  month = nov,
  volume = {367},
  pages = {3158--77},
  issn = {1471-2970 (Electronic) 0962-8436 (Linking)},
  doi = {10.1098/rstb.2011.0349},
  journal = {Philos Trans R Soc Lond B Biol Sci},
  keywords = {*Ecosystem,*Food Supply,Adaptation; Physiological,Agriculture/*methods,Animals,Conservation of Natural Resources/legislation \& jurisprudence/*methods,Desert Climate,Droughts,Environmental Policy,Humans,Livestock/growth \& development,Mexico,Rain,Social Change,Socioeconomic Factors,Soil/*chemistry,Water/chemistry},
  number = {1606},
  pmcid = {PMC3479689}
}

@techreport{hugginsSocialecologicalDimensionsChanging2020,
  title = {The Social-Ecological Dimensions of Changing Global Freshwater Availability},
  author = {Huggins, Xander and Gleeson, Tom and Kummu, Matti and Zipper, Samuel C and Troy, Tara and Wada, Yoshihide and Famiglietti, Jay},
  year = {2020},
  month = jun,
  institution = {{EarthArXiv}},
  doi = {10.31223/osf.io/j97ud},
  keywords = {3 探索,7 精读-非常重要,global,GRACE,water scarcity,water security,本周读,非常重要},
  language = {en},
  type = {Preprint}
}

@article{hughesMultiscaleRegimeShifts2013,
  title = {Multiscale Regime Shifts and Planetary Boundaries},
  author = {Hughes, Terry P. and Carpenter, Stephen and Rockstr{\"o}m, Johan and Scheffer, Marten and Walker, Brian},
  year = {2013},
  month = jul,
  volume = {28},
  pages = {389--395},
  issn = {01695347},
  doi = {10.1016/j.tree.2013.05.019},
  journal = {Trends in Ecology \& Evolution},
  language = {en},
  number = {7}
}

@article{huiCarryingCapacityPopulation2006,
  title = {Carrying Capacity, Population Equilibrium, and Environment's Maximal Load},
  author = {Hui, Cang},
  year = {2006},
  month = feb,
  volume = {192},
  pages = {317--320},
  issn = {0304-3800},
  doi = {10.1016/j.ecolmodel.2005.07.001},
  journal = {Ecological Modelling},
  language = {en},
  number = {1}
}

@article{hulinaTelecouplingFrameworkResearch2017,
  title = {Telecoupling Framework for Research on Migratory Species in the {{Anthropocene}}},
  author = {Hulina, Jacqueline and Bocetti, Carol and Iii, Henry Campa and Hull, Vanessa and Yang, Wu and Liu, Jianguo},
  year = {2017},
  month = mar,
  volume = {5},
  pages = {5},
  publisher = {{University of California Press}},
  issn = {2325-1026},
  doi = {10.1525/elementa.184},
  copyright = {Authors who publish with this journal agree to the following terms:    Authors retain copyright and grant the journal right of first publication with the work simultaneously licensed under a  Creative Commons Attribution License  that allows others to share the work with an acknowledgement of the work's authorship and initial publication in this journal.  Authors are able to enter into separate, additional contractual arrangements for the non-exclusive distribution of the journal's published version of the work (e.g., post it to an institutional repository or publish it in a book), with an acknowledgement of its initial publication in this journal.  Authors are permitted and encouraged to post their work online (e.g., in institutional repositories or on their website) prior to and during the submission process, as it can lead to productive exchanges, as well as earlier and greater citation of published work (See  The Effect of Open Access ).  All third-party images reproduced on this journal are shared under Educational Fair Use. For more information on  Educational Fair Use , please see  this useful checklist prepared by Columbia University Libraries .   All copyright  of third-party content posted here for research purposes belongs to its original owners.  Unless otherwise stated all references to characters and comic art presented on this journal are \textcopyright, \textregistered{} or \texttrademark{} of their respective owners. No challenge to any owner's rights is intended or should be inferred.},
  journal = {Elem Sci Anth},
  language = {en},
  number = {0}
}

@article{hullTelecouplingNewFrontier2018,
  title = {Telecoupling: {{A}} New Frontier for Global Sustainability},
  author = {Hull, Vanessa and Liu, Jianguo},
  year = {2018},
  volume = {23},
  issn = {1708-3087},
  doi = {10.5751/es-10494-230441},
  journal = {Ecology and Society},
  number = {4}
}

@article{jackSelfselectionPaymentsEcosystem2019,
  title = {Self-Selection into Payments for Ecosystem Services Programs},
  author = {Jack, B. Kelsey and Jayachandran, Seema},
  year = {2019},
  month = mar,
  volume = {116},
  pages = {5326--5333},
  issn = {0027-8424, 1091-6490},
  doi = {10.1073/pnas.1802868115},
  journal = {Proceedings of the National Academy of Sciences},
  language = {en},
  number = {12}
}

@article{jaffedavida.EngineeredLeveeBreaches2001,
  title = {Engineered {{Levee Breaches}} for {{Flood Mitigation}}},
  author = {{Jaffe David A.} and {Sanders Brett F.}},
  year = {2001},
  month = jun,
  volume = {127},
  pages = {471--479},
  doi = {10.1061/(ASCE)0733-9429(2001)127:6(471)},
  journal = {Journal of Hydraulic Engineering},
  number = {6}
}

@article{janssenResilienceVulnerabilityAdaptation2006,
  title = {Resilience, Vulnerability, and Adaptation: {{A}} Cross-Cutting Theme of the {{International Human Dimensions Programme}} on {{Global Environmental Change}}},
  shorttitle = {Resilience, Vulnerability, and Adaptation},
  author = {Janssen, Marco A. and Ostrom, Elinor},
  year = {2006},
  month = aug,
  volume = {16},
  pages = {237--239},
  issn = {09593780},
  doi = {10.1016/j.gloenvcha.2006.04.003},
  journal = {Global Environmental Change},
  language = {en},
  number = {3}
}

@article{janssenScholarlyNetworksResilience2006,
  title = {Scholarly Networks on Resilience, Vulnerability and Adaptation within the Human Dimensions of Global Environmental Change},
  author = {Janssen, Marco A. and Schoon, Michael L. and Ke, Weimao and B{\"o}rner, Katy},
  year = {2006},
  month = aug,
  volume = {16},
  pages = {240--252},
  issn = {0959-3780},
  doi = {10.1016/j.gloenvcha.2006.04.001},
  journal = {Global Environmental Change},
  number = {3},
  series = {Resilience, {{Vulnerability}}, and {{Adaptation}}: {{A Cross}}-{{Cutting Theme}} of the {{International Human Dimensions Programme}} on {{Global Environmental Change}}}
}

@article{jaramilloDevelopingWaterChange2014,
  title = {Developing Water Change Spectra and Distinguishing Change Drivers Worldwide},
  author = {Jaramillo, Fernando and Destouni, Georgia},
  year = {2014},
  month = dec,
  volume = {41},
  pages = {8377--8386},
  issn = {0094-8276},
  doi = {10.1002/2014GL061848},
  journal = {Geophysical Research Letters},
  number = {23}
}

@article{jaramilloLocalFlowRegulation2015,
  title = {Local Flow Regulation and Irrigation Raise Global Human Water Consumption and Footprint},
  author = {Jaramillo, Fernando and Destouni, Georgia},
  year = {2015},
  month = dec,
  volume = {350},
  pages = {1248--1251},
  issn = {0036-8075, 1095-9203},
  doi = {10.1126/science.aad1010},
  copyright = {Copyright \textcopyright{} 2015, American Association for the Advancement of Science},
  journal = {Science},
  language = {en},
  number = {6265},
  pmid = {26785489}
}

@article{jiMorphologicalVariabilityActive2018,
  title = {Morphological Variability of the Active {{Yellow River}} Mouth under the New Regime of Riverine Delivery},
  author = {Ji, Hongyu and Chen, Shenliang and Pan, Shunqi and Xu, Congliang and Jiang, Chao and Fan, Yaoshen},
  year = {2018},
  month = sep,
  volume = {564},
  pages = {329--341},
  issn = {00221694},
  doi = {10.1016/j.jhydrol.2018.07.014},
  journal = {Journal of Hydrology},
  language = {en}
}

@article{johanrockstromSafeOperatingSpace2009,
  title = {A Safe Operating Space for Humanity},
  author = {Johan Rockstr{\"o}m and Will Steffen and Kevin Noone and {\AA}sa Persson and F. Stuart Chapin and Eric F. Lambin and Timothy M. Lenton and Marten Scheffer and Carl Folke and Hans Joachim Schellnhuber and Bj{\"o}rn Nykvist and {Cynthia A. de Wit} and Terry Hughes and {Sander van der Leeuw} and Henning Rodhe and Sverker S{\"o}rlin and Peter K. Snyder and Robert Costanza and Uno Svedin and Malin Falkenmark and Louise Karlberg and Robert W. Corell and Victoria J. Fabry and James Hansen and Brian Walker and Diana Liverman and Katherine Richardson and Paul Crutzen and Jonathan A. Foley},
  year = {2009},
  volume = {461},
  pages = {472--475},
  journal = {Nature},
  number = {7263}
}

@article{katesTransformationalAdaptationWhen2012,
  title = {Transformational Adaptation When Incremental Adaptations to Climate Change Are Insufficient},
  author = {Kates, R. W. and Travis, W. R. and Wilbanks, T. J.},
  year = {2012},
  month = may,
  volume = {109},
  pages = {7156--7161},
  issn = {0027-8424, 1091-6490},
  doi = {10.1073/pnas.1115521109},
  journal = {Proceedings of the National Academy of Sciences},
  language = {en},
  number = {19}
}

@article{keiserLowUncertainMeasured2019,
  title = {The Low but Uncertain Measured Benefits of {{US}} Water Quality Policy},
  author = {Keiser, David A. and Kling, Catherine L. and Shapiro, Joseph S.},
  year = {2019},
  month = mar,
  volume = {116},
  pages = {5262--5269},
  issn = {0027-8424, 1091-6490},
  doi = {10.1073/pnas.1802870115},
  journal = {Proceedings of the National Academy of Sciences},
  language = {en},
  number = {12}
}

@article{kennethSUSTAINABILITYMEASUREMENTWEALTH2010,
  title = {{{SUSTAINABILITY AND THE MEASUREMENT OF WEALTH}}},
  author = {Kenneth, J A},
  year = {2010}
}

@article{kotchenUseGroupPerformance2019,
  title = {On the Use of Group Performance and Rights for Environmental Protection and Resource Management},
  author = {Kotchen, Matthew J. and Segerson, Kathleen},
  year = {2019},
  month = mar,
  volume = {116},
  pages = {5285--5292},
  issn = {0027-8424, 1091-6490},
  doi = {10.1073/pnas.1802881115},
  journal = {Proceedings of the National Academy of Sciences},
  language = {en},
  number = {12}
}

@article{kundzewiczNaturalRisksMitigation2012,
  title = {Natural Risks: Mitigation and Adaptation},
  author = {Kundzewicz, Zbigniew W. and Matczak, Piotr},
  year = {2012},
  volume = {12},
  pages = {3--8},
  issn = {16423593},
  doi = {10.2478/v10104-012-0005-3},
  journal = {Ecohydrology \& Hydrobiology},
  number = {1}
}

@article{ladeRegimeShiftsSocialecological2013,
  title = {Regime Shifts in a Social-Ecological System},
  author = {Lade, Steven J. and Tavoni, Alessandro and Levin, Simon A. and Schl{\"u}ter, Maja},
  year = {2013},
  volume = {6},
  pages = {359--372},
  issn = {1874-1738 1874-1746},
  doi = {10.1007/s12080-013-0187-3},
  journal = {Theoretical Ecology},
  number = {3}
}

@article{lawlerProjectedLanduseChange2014,
  title = {Projected Land-Use Change Impacts on Ecosystem Services in the {{United States}}},
  author = {Lawler, J. J. and Lewis, D. J. and Nelson, E. and Plantinga, A. J. and Polasky, S. and Withey, J. C. and Helmers, D. P. and Martinuzzi, S. and Pennington, D. and Radeloff, V. C.},
  year = {2014},
  month = may,
  volume = {111},
  pages = {7492--7497},
  issn = {0027-8424, 1091-6490},
  doi = {10.1073/pnas.1405557111},
  journal = {Proceedings of the National Academy of Sciences},
  language = {en},
  number = {20}
}

@article{leachEquitySustainabilityAnthropocene2018,
  title = {Equity and Sustainability in the {{Anthropocene}}: A Social\textendash Ecological Systems Perspective on Their Intertwined Futures},
  shorttitle = {Equity and Sustainability in the {{Anthropocene}}},
  author = {Leach, Melissa and Reyers, Belinda and Bai, Xuemei and Brondizio, Eduardo S. and Cook, Christina and D{\'i}az, Sandra and Espindola, Giovana and Scobie, Michelle and {Stafford-Smith}, Mark and Subramanian, Suneetha M},
  year = {2018},
  volume = {1},
  pages = {e13},
  issn = {2059-4798},
  doi = {10.1017/sus.2018.12},
  journal = {Global Sustainability},
  language = {en}
}

@article{lebelGovernanceCapacityManage2006,
  title = {Governance and the {{Capacity}} to {{Manage Resilience}} in {{Regional Social}}-{{Ecological Systems}}},
  author = {Lebel, Louis and Anderies, John M. and Campbell, Bruce and Folke, Carl and {Hatfield-Dodds}, Steve and Hughes, Terry P. and Wilson, James},
  year = {2006},
  volume = {11},
  pages = {art19},
  issn = {1708-3087},
  doi = {10.5751/ES-01606-110119},
  journal = {Ecology and Society},
  language = {en},
  number = {1}
}

@article{lebelInstitutionalFitRiver2013,
  title = {Institutional {{Fit}} and {{River Basin Governance}}: A {{New Approach Using Multiple Composite Measures}}},
  shorttitle = {Institutional {{Fit}} and {{River Basin Governance}}},
  author = {Lebel, Louis and Nikitina, Elena and {Pahl-Wostl}, Claudia and Knieper, Christian},
  year = {2013},
  month = jan,
  volume = {18},
  publisher = {{The Resilience Alliance}},
  issn = {1708-3087},
  doi = {10.5751/ES-05097-180101},
  copyright = {\textcopyright{} 2013 by the author(s)},
  journal = {Ecology and Society},
  language = {en},
  number = {1}
}

@article{lentonTippingElementsEarth2008,
  title = {Tipping Elements in the {{Earth}}'s Climate System},
  author = {Lenton, T. M. and Held, H. and Kriegler, E. and Hall, J. W. and Lucht, W. and Rahmstorf, S. and Schellnhuber, H. J.},
  year = {2008},
  month = feb,
  volume = {105},
  pages = {1786--1793},
  issn = {0027-8424, 1091-6490},
  doi = {10.1073/pnas.0705414105},
  journal = {Proceedings of the National Academy of Sciences},
  language = {en},
  number = {6}
}

@article{leslieOperationalizingSocialecologicalSystems2015,
  title = {Operationalizing the Social-Ecological Systems Framework to Assess Sustainability},
  author = {Leslie, Heather M. and Basurto, Xavier and Nenadovic, Mateja and Sievanen, Leila and Cavanaugh, Kyle C. and {Cota-Nieto}, Juan Jos{\'e} and Erisman, Brad E. and Finkbeiner, Elena and {Hinojosa-Arango}, Gustavo and {Moreno-B{\'a}ez}, Marcia and Nagavarapu, Sriniketh and Reddy, Sheila M. W. and {S{\'a}nchez-Rodr{\'i}guez}, Alexandra and Siegel, Katherine and {Ulibarria-Valenzuela}, Jos{\'e} Juan and Weaver, Amy Hudson and {Aburto-Oropeza}, Octavio},
  year = {2015},
  month = may,
  volume = {112},
  pages = {5979--5984},
  issn = {0027-8424, 1091-6490},
  doi = {10.1073/pnas.1414640112},
  journal = {Proceedings of the National Academy of Sciences},
  language = {en},
  number = {19}
}

@book{levinFragileDominionComplexity1999,
  title = {Fragile {{Dominion}}: {{Complexity}} and the {{Commons}}},
  author = {Levin, S. A.},
  year = {1999},
  publisher = {{Perseus Books}},
  address = {{Cambridge, Massacbusetts}}
}

@article{levinLearningLiveGlobal2006,
  title = {Learning to Live in a Global Commons: Socioeconomic Challenges for a Sustainable Environment},
  shorttitle = {Learning to Live in a Global Commons},
  author = {Levin, Simon A.},
  year = {2006},
  month = may,
  volume = {21},
  pages = {328--333},
  issn = {0912-3814, 1440-1703},
  doi = {10.1007/s11284-006-0162-1},
  journal = {Ecological Research},
  language = {en},
  number = {3}
}

@article{levinSocialecologicalSystemsComplex2013,
  title = {Social-Ecological Systems as Complex Adaptive Systems: Modeling and Policy Implications},
  shorttitle = {Social-Ecological Systems as Complex Adaptive Systems},
  author = {Levin, Simon and Xepapadeas, Tasos and Cr{\'e}pin, Anne-Sophie and Norberg, Jon and {de Zeeuw}, Aart and Folke, Carl and Hughes, Terry and Arrow, Kenneth and Barrett, Scott and Daily, Gretchen and Ehrlich, Paul and Kautsky, Nils and M{\"a}ler, Karl-G{\"o}ran and Polasky, Steve and Troell, Max and Vincent, Jeffrey R. and Walker, Brian},
  year = {2013},
  month = apr,
  volume = {18},
  pages = {111--132},
  issn = {1355-770X, 1469-4395},
  doi = {10.1017/S1355770X12000460},
  journal = {Environment and Development Economics},
  language = {en},
  number = {02}
}

@incollection{licataCollectiveMemorySocial2015,
  title = {Collective {{Memory}}, {{Social Psychology}} Of},
  booktitle = {International {{Encyclopedia}} of the {{Social}} \& {{Behavioral Sciences}} ({{Second Edition}})},
  author = {Licata, Laurent and Mercy, Aur{\'e}lie},
  editor = {Wright, James D.},
  year = {2015},
  month = jan,
  pages = {194--199},
  publisher = {{Elsevier}},
  address = {{Oxford}},
  doi = {10.1016/B978-0-08-097086-8.24046-4},
  isbn = {978-0-08-097087-5},
  keywords = {重要},
  language = {en}
}

@article{liSpatiallyExplicitReconstruction2016,
  title = {A Spatially Explicit Reconstruction of Cropland Cover in {{China}} from 1661 to 1996},
  author = {Li, Shicheng and He, Fanneng and Zhang, Xuezhen},
  year = {2016},
  month = feb,
  volume = {16},
  pages = {417--428},
  issn = {1436-3798, 1436-378X},
  doi = {10.1007/s10113-014-0751-4},
  journal = {Regional Environmental Change},
  language = {en},
  number = {2}
}

@article{liuApplicationsTelecouplingFramework2014,
  title = {{Applications of the telecoupling framework to land-change science}},
  author = {Liu, Jianguo and Hull, Vanessa and Moran, Emilio and Nagendra, Harini and Swaffield, Simon R. and Turner, Billie},
  year = {2014},
  month = jan,
  pages = {119--140},
  publisher = {{MIT Press}},
  journal = {Rethinking Global Land Use in an Urban Era},
  language = {English (US)}
}

@article{liuComplexityCoupledHuman2007,
  ids = {liuComplexityCoupledHuman2007a},
  title = {Complexity of {{Coupled Human}} and {{Natural Systems}}},
  author = {Liu, J. and Dietz, T. and Carpenter, S. R. and Alberti, M. and Folke, C. and Moran, E. and Pell, A. N. and Deadman, P. and Kratz, T. and Lubchenco, J. and Ostrom, E. and Ouyang, Z. and Provencher, W. and Redman, C. L. and Schneider, S. H. and Taylor, W. W.},
  year = {2007},
  month = sep,
  volume = {317},
  pages = {1513--1516},
  issn = {0036-8075, 1095-9203},
  doi = {10.1126/science.1144004},
  journal = {Science},
  keywords = {非常重要},
  language = {en},
  number = {5844}
}

@article{liuCoupledHumanNatural2007,
  title = {Coupled {{Human}} and {{Natural Systems}}},
  author = {Liu, Jianguo and Dietz, Thomas and Carpenter, Stephen R and Folke, Carl and Alberti, Marina and Redman, Charles L and Schneider, Stephen H and Ostrom, Elinor and Pell, Alice N and Lubchenco, Jane and Taylor, William W and Ouyang, Zhiyun and Deadman, Peter and Kratz, Timothy and Provencher, William},
  year = {2007},
  volume = {36},
  pages = {12},
  language = {en},
  number = {8}
}

@article{liuFramingSustainabilityTelecoupled2013,
  ids = {liuFramingSustainabilityTelecoupled2013},
  title = {Framing {{Sustainability}} in a {{Telecoupled World}}},
  author = {Liu, Jianguo and Hull, Vanessa and Batistella, Mateus and DeFries, Ruth and Dietz, Thomas and Fu, Feng and Hertel, Thomas W. and Izaurralde, R. Cesar and Lambin, Eric F. and Li, Shuxin and Martinelli, Luiz A. and McConnell, William J. and Moran, Emilio F. and Naylor, Rosamond and Ouyang, Zhiyun and Polenske, Karen R. and Reenberg, Anette and {de Miranda Rocha}, Gilberto and Simmons, Cynthia S. and Verburg, Peter H. and Vitousek, Peter M. and Zhang, Fusuo and Zhu, Chunquan},
  year = {2013},
  volume = {18},
  pages = {art26},
  issn = {1708-3087},
  doi = {10.5751/ES-05873-180226},
  journal = {Ecology and Society},
  language = {en},
  number = {2}
}

@article{liuHoloceneDevelopmentYellow2004,
  title = {Holocene Development of the {{Yellow River}}'s Subaqueous Delta, {{North Yellow Sea}}},
  author = {Liu, J.Paul and Milliman, John D. and Gao, Shu and Cheng, Peng},
  year = {2004},
  month = aug,
  volume = {209},
  pages = {45--67},
  issn = {00253227},
  doi = {10.1016/j.margeo.2004.06.009},
  journal = {Marine Geology},
  language = {en},
  number = {1-4}
}

@article{liuWaterScarcityAssessments2017,
  title = {Water Scarcity Assessments in the Past, Present, and Future},
  author = {Liu, Junguo and Yang, Hong and Gosling, Simon N. and Kummu, Matti and Fl{\"o}rke, Martina and Pfister, Stephan and Hanasaki, Naota and Wada, Yoshihide and Zhang, Xinxin and Zheng, Chunmiao and Alcamo, Joseph and Oki, Taikan},
  year = {2017},
  volume = {5},
  pages = {545--559},
  issn = {2328-4277},
  doi = {10.1002/2016EF000518},
  journal = {Earth's Future},
  keywords = {water lopsidedness,water tendentiousness,引言},
  language = {en},
  number = {6}
}

@article{liyunyunImpactSanmenxiaXiaolangdi2016,
  title = {Impact of the {{Sanmenxia}} and {{Xiaolangdi Reservoirs Operation}} on the {{Hydrologic Regime}} of the {{Lower Yellow River}}},
  author = {{Li Yunyun} and {Chang Jianxia} and {Tu Huan} and {Wang Xuebin}},
  year = {2016},
  month = mar,
  volume = {21},
  pages = {06015015},
  doi = {10.1061/(ASCE)HE.1943-5584.0001290},
  journal = {Journal of Hydrologic Engineering},
  number = {3}
}

@article{loucksDebatesPerspectivesSociohydrology2015,
  title = {Debates\textemdash{{Perspectives}} on Socio-Hydrology: {{Simulating}} Hydrologic-Human Interactions},
  shorttitle = {Debates\textemdash{{Perspectives}} on Socio-Hydrology},
  author = {Loucks, Daniel P.},
  year = {2015},
  volume = {51},
  pages = {4789--4794},
  issn = {1944-7973},
  doi = {10.1002/2015WR017002},
  journal = {Water Resources Research},
  language = {en},
  number = {6}
}

@article{luCoevolutionaryDynamicsHumanenvironment2018,
  title = {Co-Evolutionary Dynamics of the Human-Environment System in the {{Heihe River}} Basin in the Past 2000 Years},
  author = {Lu, Zhixiang and Wei, Yongping and Feng, Qi and Xie, Jiali and Xiao, Honglang and Cheng, Guodong},
  year = {2018},
  month = sep,
  volume = {635},
  pages = {412--422},
  issn = {00489697},
  doi = {10.1016/j.scitotenv.2018.03.231},
  journal = {Science of The Total Environment},
  keywords = {非常重要},
  language = {en}
}

@article{ludyFloodRiskPerception2012,
  title = {Flood Risk Perception in Lands ``Protected'' by 100-Year Levees},
  author = {Ludy, Jessica and Kondolf, G. Matt},
  year = {2012},
  month = mar,
  volume = {61},
  pages = {829--842},
  issn = {0921-030X, 1573-0840},
  doi = {10.1007/s11069-011-0072-6},
  journal = {Natural Hazards},
  language = {en},
  number = {2}
}

@article{magrayVariousProblemsDryland2014,
  title = {Various Problems of Dryland Agriculture and Suggested Agro-Techniques Suitable for Dryland Vegetable Production},
  author = {Magray, M. Mudasir and Jabeen, Nayeema and Chattoo, M. A. and Parray, F. A. and Shabir, Alima and Kirmani, S. N.},
  year = {2014},
  volume = {2},
  pages = {115},
  issn = {2321-0745 2322-0465},
  doi = {10.5958/2322-0465.2014.01122.8},
  journal = {International Journal of Applied Science and Engineering},
  number = {2}
}

@book{managiInclusiveWealthReport2018,
  title = {Inclusive {{Wealth Report}} 2018: {{Measuring Progress Towards Sustainability}}},
  shorttitle = {Inclusive {{Wealth Report}} 2018},
  author = {Managi, Shunsuke and Kumar, Pushpam},
  year = {2018},
  month = jul,
  publisher = {{Routledge}},
  googlebooks = {W4RlDwAAQBAJ},
  isbn = {978-1-351-00206-6},
  language = {en}
}

@article{ManagingGlobalCommons1995,
  title = {Managing the Global Commons: The Economics of Climate Change},
  shorttitle = {Managing the Global Commons},
  year = {1995},
  month = jul,
  volume = {32},
  pages = {32-6292-32-6292},
  issn = {0009-4978, 1523-8253},
  doi = {10.5860/CHOICE.32-6292},
  journal = {Choice Reviews Online},
  language = {en},
  number = {11}
}

@article{martinCombiningSystemDynamics2015,
  ids = {martinCombiningSystemDynamics2015a},
  title = {Combining System Dynamics and Agent-Based Modeling to Analyze Social-Ecological Interactions\textemdash an Example from Modeling Restoration of a Shallow Lake},
  author = {Martin, Romina and Schl{\"u}ter, Maja},
  year = {2015},
  volume = {3},
  publisher = {{Frontiers}},
  issn = {2296-665X},
  doi = {10.3389/fenvs.2015.00066},
  journal = {Frontiers in Environmental Science},
  keywords = {agent-based modelling,Eutrophication,on-site sewage treatment,regime shift,shallow lakes,Social-ecological systems,system dynamics modelling},
  language = {English}
}

@article{mccarthyImpactsAdaptationVulnerability,
  title = {Impacts, {{Adaptation}}, and {{Vulnerability}}},
  author = {McCarthy, James J and Canziani, Osvaldo F and Leary, Neil A and Dokken, David J and White, Kasey S},
  pages = {5},
  language = {en}
}

@article{mcdermottBlueParadoxPreemptive2019,
  title = {The Blue Paradox: {{Preemptive}} Overfishing in Marine Reserves},
  shorttitle = {The Blue Paradox},
  author = {McDermott, Grant R. and Meng, Kyle C. and McDonald, Gavin G. and Costello, Christopher J.},
  year = {2019},
  month = mar,
  volume = {116},
  pages = {5319--5325},
  issn = {0027-8424, 1091-6490},
  doi = {10.1073/pnas.1802862115},
  journal = {Proceedings of the National Academy of Sciences},
  language = {en},
  number = {12}
}

@article{mcginnisSocialecologicalSystemFramework2014,
  title = {Social-Ecological System Framework: Initial Changes and Continuing Challenges},
  shorttitle = {Social-Ecological System Framework},
  author = {McGinnis, Michael and Ostrom, Elinor},
  year = {2014},
  month = may,
  volume = {19},
  publisher = {{The Resilience Alliance}},
  issn = {1708-3087},
  doi = {10.5751/ES-06387-190230},
  copyright = {\textcopyright{} 2014 by the author(s)},
  journal = {Ecology and Society},
  language = {en},
  number = {2}
}

@article{mcraeDiversityWeightedLiving,
  title = {The Diversity Weighted {{Living Planet Index}}: Controlling for Taxonomic Bias in a Global Biodiversity Indicator},
  shorttitle = {The Diversity Weighted {{Living Planet Index}}},
  author = {McRae, Louise and Deinet, Stefanie and Freeman, Robin},
  doi = {10.7287/peerj.preprints.2214v2},
  language = {en}
}

@book{meadowsLimitsGrowth30year2004,
  title = {The Limits to Growth: The 30-Year Update},
  shorttitle = {The Limits to Growth},
  author = {Meadows, Donella H. and Randers, J{\o}rgen and Meadows, Dennis L.},
  year = {2004},
  publisher = {{Chelsea Green Pub.}},
  googlebooks = {3YS4AAAAIAAJ},
  isbn = {978-1-931498-51-7},
  language = {en}
}

@article{mechlerUnderstandingTrendsProjections2015,
  title = {Understanding Trends and Projections of Disaster Losses and Climate Change: Is Vulnerability the Missing Link?},
  shorttitle = {Understanding Trends and Projections of Disaster Losses and Climate Change},
  author = {Mechler, Reinhard and Bouwer, Laurens M.},
  year = {2015},
  month = nov,
  volume = {133},
  pages = {23--35},
  issn = {0165-0009, 1573-1480},
  doi = {10.1007/s10584-014-1141-0},
  journal = {Climatic Change},
  language = {en},
  number = {1}
}

@book{millenniumecosystemassessmentprogramEcosystemsHumanWellbeing2005,
  title = {Ecosystems and Human Well-Being: Synthesis},
  shorttitle = {Ecosystems and Human Well-Being},
  editor = {Millennium Ecosystem Assessment (Program)},
  year = {2005},
  publisher = {{Island Press}},
  address = {{Washington, DC}},
  isbn = {978-1-59726-040-4 978-1-59726-039-8},
  language = {en},
  lccn = {GF50 .E269 2005}
}

@article{millimanManInfluenceErosion1987,
  title = {Man's {{Influence}} on the {{Erosion}} and {{Transport}} of {{Sediment}} by {{Asian Rivers}}: {{The Yellow River}} ({{Huanghe}}) {{Example}}},
  shorttitle = {Man's {{Influence}} on the {{Erosion}} and {{Transport}} of {{Sediment}} by {{Asian Rivers}}},
  author = {Milliman, John D. and {Yun-Shan}, Qin and {Mei-E}, Ren and Saito, Yoshiki},
  year = {1987},
  month = nov,
  volume = {95},
  pages = {751--762},
  issn = {0022-1376, 1537-5269},
  doi = {10.1086/629175},
  journal = {The Journal of Geology},
  language = {en},
  number = {6}
}

@article{millyStationarityDeadWhither2008,
  title = {Stationarity {{Is Dead}}: {{Whither Water Management}}?},
  shorttitle = {Stationarity {{Is Dead}}},
  author = {Milly, P. C. D. and Betancourt, J. and Falkenmark, M. and Hirsch, R. M. and Kundzewicz, Z. W. and Lettenmaier, D. P. and Stouffer, R. J.},
  year = {2008},
  month = feb,
  volume = {319},
  pages = {573--574},
  issn = {0036-8075, 1095-9203},
  doi = {10.1126/science.1151915},
  journal = {Science},
  language = {en},
  number = {5863}
}

@article{morrisMobilisingFloodRisk2016,
  title = {Mobilising Flood Risk Management Services from Rural Land: Principles and Practice},
  shorttitle = {Mobilising Flood Risk Management Services from Rural Land},
  author = {Morris, J. and Beedell, J. and Hess, T. M.},
  year = {2016},
  volume = {9},
  pages = {50--68},
  issn = {1753-318X},
  doi = {10.1111/jfr3.12110},
  copyright = {\textcopyright{} 2014 The Chartered Institution of Water and Environmental Management (CIWEM) and John Wiley \& Sons Ltd},
  journal = {Journal of Flood Risk Management},
  language = {en},
  number = {1}
}

@article{motesharreiModelingSustainabilityPopulation2016,
  title = {Modeling {{Sustainability}}: {{Population}}, {{Inequality}}, {{Consumption}}, and {{Bidirectional Coupling}} of the {{Earth}} and {{Human Systems}}},
  author = {Motesharrei, Safa and Rivas, Jorge and Kalnay, Eugenia and Asrar, Ghassem R. and Busalacchi, Antonio J. and Cahalan, Robert F. and Cane, Mark A. and Colwell, Rita R. and Feng, Kuishuang and Franklin, Rachel S. and Hubacek, Klaus and {Miralles-Wilhelm}, Fernando and Miyoshi, Takemasa and Ruth, Matthias and Sagdeev, Roald and Shirmohammadi, Adel and Shukla, Jagadish and Srebric, Jelena and Yakovenko, Victor M. and Zeng, Ning},
  year = {2016},
  pages = {nww081},
  issn = {2095-5138 2053-714X},
  doi = {10.1093/nsr/nww081},
  journal = {National Science Review}
}

@article{mullerCientPollutionRegulations,
  title = {{{E}}\textcent{} Cient {{Pollution Regulations}}: {{Getting}} the {{Prices Right}}},
  author = {Muller, Nicholas Z and Mendelsohn, Robert},
  pages = {30},
  language = {en}
}

@article{muneepeerakulStrategicBehaviorsGovernance2017,
  title = {Strategic Behaviors and Governance Challenges in Social-Ecological Systems},
  author = {Muneepeerakul, Rachata and Anderies, John M.},
  year = {2017},
  volume = {5},
  pages = {865--876},
  issn = {2328-4277},
  doi = {10.1002/2017EF000562},
  journal = {Earth's Future},
  language = {en},
  number = {8}
}

@article{nashRiverFlowForecasting1970,
  title = {River Flow Forecasting through Conceptual Models Part {{I}} \textemdash{} {{A}} Discussion of Principles},
  author = {Nash, J.E. and Sutcliffe, J.V.},
  year = {1970},
  month = apr,
  volume = {10},
  pages = {282--290},
  issn = {00221694},
  doi = {10.1016/0022-1694(70)90255-6},
  journal = {Journal of Hydrology},
  language = {en},
  number = {3}
}

@article{nasslEcosystemServicesCoupled2015,
  title = {Ecosystem Services in Coupled Social\textendash Ecological Systems: {{Closing}} the Cycle of Service Provision and Societal Feedback},
  shorttitle = {Ecosystem Services in Coupled Social\textendash Ecological Systems},
  author = {Nassl, Michael and L{\"o}ffler, J{\"o}rg},
  year = {2015},
  month = dec,
  volume = {44},
  pages = {737--749},
  issn = {0044-7447, 1654-7209},
  doi = {10.1007/s13280-015-0651-y},
  journal = {Ambio},
  language = {en},
  number = {8}
}

@article{neiladgerSuccessfulAdaptationClimate2005,
  title = {Successful Adaptation to Climate Change across Scales},
  author = {Neil Adger, W. and Arnell, Nigel W. and Tompkins, Emma L.},
  year = {2005},
  month = jul,
  volume = {15},
  pages = {77--86},
  issn = {09593780},
  doi = {10.1016/j.gloenvcha.2004.12.005},
  journal = {Global Environmental Change},
  language = {en},
  number = {2}
}

@article{nelsonAdaptationEnvironmentalChange2007,
  ids = {nelsonAdaptationEnvironmentalChange2007a},
  title = {Adaptation to {{Environmental Change}}: {{Contributions}} of a {{Resilience Framework}}},
  shorttitle = {Adaptation to {{Environmental Change}}},
  author = {Nelson, Donald R. and Adger, W. Neil and Brown, Katrina},
  year = {2007},
  month = nov,
  volume = {32},
  pages = {395--419},
  issn = {1543-5938, 1545-2050},
  doi = {10.1146/annurev.energy.32.051807.090348},
  journal = {Annual Review of Environment and Resources},
  language = {en},
  number = {1}
}

@article{nelsonModelingMultipleEcosystem2009,
  title = {Modeling Multiple Ecosystem Services, Biodiversity Conservation, Commodity Production, and Tradeoffs at Landscape Scales},
  author = {Nelson, Erik and Mendoza, Guillermo and Regetz, James and Polasky, Stephen and Tallis, Heather and Cameron, DRichard and Chan, Kai MA and Daily, Gretchen C. and Goldstein, Joshua and Kareiva, Peter M. and Lonsdorf, Eric and Naidoo, Robin and Ricketts, Taylor H. and Shaw, MRebecca},
  year = {2009},
  volume = {7},
  pages = {4--11},
  issn = {1540-9309},
  doi = {10.1890/080023},
  copyright = {\textcopyright{} The Ecological Society of America},
  journal = {Frontiers in Ecology and the Environment},
  language = {en},
  number = {1}
}

@article{newboldGlobalEffectsLand2015,
  title = {Global Effects of Land Use on Local Terrestrial Biodiversity},
  author = {Newbold, Tim and Hudson, Lawrence N. and Hill, Samantha L. L. and Contu, Sara and Lysenko, Igor and Senior, Rebecca A. and B{\"o}rger, Luca and Bennett, Dominic J. and Choimes, Argyrios and Collen, Ben and Day, Julie and De Palma, Adriana and D{\'i}az, Sandra and {Echeverria-Londo{\~n}o}, Susy and Edgar, Melanie J. and Feldman, Anat and Garon, Morgan and Harrison, Michelle L. K. and Alhusseini, Tamera and Ingram, Daniel J. and Itescu, Yuval and Kattge, Jens and Kemp, Victoria and Kirkpatrick, Lucinda and Kleyer, Michael and Correia, David Laginha Pinto and Martin, Callum D. and Meiri, Shai and Novosolov, Maria and Pan, Yuan and Phillips, Helen R. P. and Purves, Drew W. and Robinson, Alexandra and Simpson, Jake and Tuck, Sean L. and Weiher, Evan and White, Hannah J. and Ewers, Robert M. and Mace, Georgina M. and Scharlemann, J{\"o}rn P. W. and Purvis, Andy},
  year = {2015},
  month = apr,
  volume = {520},
  pages = {45--50},
  issn = {0028-0836, 1476-4687},
  doi = {10.1038/nature14324},
  journal = {Nature},
  language = {en},
  number = {7545}
}

@inproceedings{nilssonCriticalLoadsSulphur1988,
  title = {Critical {{Loads}} for {{Sulphur}} and {{Nitrogen}}},
  booktitle = {Air {{Pollution}} and {{Ecosystems}}},
  author = {Nilsson, J.},
  editor = {Mathy, P.},
  year = {1988},
  pages = {85--91},
  publisher = {{Springer Netherlands}},
  address = {{Dordrecht}},
  doi = {10.1007/978-94-009-4003-1_11},
  isbn = {978-94-009-4003-1},
  language = {en}
}

@article{nordhausECONOMICSCriticalAssumptions2007,
  title = {{{ECONOMICS}}: {{Critical Assumptions}} in the {{Stern Review}} on {{Climate Change}}},
  shorttitle = {{{ECONOMICS}}},
  author = {Nordhaus, W.},
  year = {2007},
  month = jul,
  volume = {317},
  pages = {201--202},
  issn = {0036-8075, 1095-9203},
  doi = {10.1126/science.1137316},
  journal = {Science},
  language = {en},
  number = {5835}
}

@incollection{nordhausGrowthObsolete2018,
  title = {Is {{Growth Obsolete}}?},
  booktitle = {Green {{Accounting}}},
  author = {Nordhaus, William D. and Tobin, James},
  editor = {Bartelmus, Peter and Seifert, Eberhard K.},
  year = {2018},
  month = jan,
  edition = {First},
  pages = {49--72},
  publisher = {{Routledge}},
  doi = {10.4324/9781315197715-3},
  isbn = {978-1-315-19771-5},
  language = {en}
}

@book{nordhausWarmingWorldEconomic2003,
  title = {Warming the {{World}}: {{Economic Models}} of {{Global Warming}}},
  shorttitle = {Warming the {{World}}},
  author = {Nordhaus, William D. and Boyer, Joseph},
  year = {2003},
  month = aug,
  publisher = {{MIT Press}},
  googlebooks = {GbcCZHGQliwC},
  isbn = {978-0-262-64054-1},
  language = {en}
}

@article{oapos;connellModellingFloodProtection2014,
  title = {Towards Modelling Flood Protection Investment as a Coupled Human and Natural System},
  author = {O\&amp;apos;Connell, P. E. and O\&amp;apos;Donnell, G.},
  year = {2014},
  month = jan,
  volume = {18},
  pages = {155--171},
  issn = {1607-7938},
  doi = {10.5194/hess-18-155-2014},
  journal = {Hydrology and Earth System Sciences},
  language = {en},
  number = {1}
}

@article{obrienExaminingWaterUse2016,
  title = {Examining {{Water Use Regimes}} of {{Suburban Watersheds}} at {{Annual}} and {{Subannual Timescales}}},
  author = {O'Brien, Patrick and Douglas, Ellen M. and Schaaf, Crystal},
  year = {2016},
  month = jan,
  volume = {21},
  pages = {05015012},
  publisher = {{American Society of Civil Engineers}},
  issn = {1943-5584},
  doi = {10.1061/(ASCE)HE.1943-5584.0001265},
  copyright = {\textcopyright{} 2015 American Society of Civil Engineers},
  journal = {Journal of Hydrologic Engineering},
  keywords = {引言},
  language = {EN},
  number = {1}
}

@article{oconnellThereLinkAgricultural2007,
  title = {Is There a Link between Agricultural Land-Use Management and Flooding?},
  author = {O'Connell, P. E. and Ewen, J. and O'Donnell, G. and Quinn, P.},
  year = {2007},
  month = jan,
  volume = {11},
  pages = {96--107},
  issn = {1027-5606},
  doi = {10.5194/hess-11-96-2007},
  journal = {Hydrology and Earth System Sciences},
  language = {English},
  number = {1}
}

@article{okiGlobalHydrologicalCycles2006,
  title = {Global {{Hydrological Cycles}} and {{World Water Resources}}},
  author = {Oki, Taikan and Kanae, Shinjiro},
  year = {2006},
  month = aug,
  volume = {313},
  pages = {1068--1072},
  publisher = {{American Association for the Advancement of Science}},
  issn = {0036-8075, 1095-9203},
  doi = {10.1126/science.1128845},
  chapter = {Special Reviews},
  copyright = {American Association for the Advancement of Science},
  journal = {Science},
  keywords = {water pattern,water stress,引言},
  language = {en},
  number = {5790},
  pmid = {16931749}
}

@article{olssonNavigatingTransitionEcosystembased2008,
  title = {Navigating the Transition to Ecosystem-Based Management of the {{Great Barrier Reef}}, {{Australia}}},
  author = {Olsson, P. and Folke, C. and Hughes, T. P.},
  year = {2008},
  month = jul,
  volume = {105},
  pages = {9489--9494},
  issn = {0027-8424, 1091-6490},
  doi = {10.1073/pnas.0706905105},
  journal = {Proceedings of the National Academy of Sciences},
  language = {en},
  number = {28}
}

@article{olssonShootingRapidsNavigating2006,
  title = {Shooting the {{Rapids}}: {{Navigating Transitions}} to {{Adaptive Governance}} of {{Social}}-{{Ecological Systems}}},
  shorttitle = {Shooting the {{Rapids}}},
  author = {Olsson, Per and Gunderson, Lance H. and Carpenter, Steve R. and Ryan, Paul and Lebel, Louis and Folke, Carl and Holling, C. S.},
  year = {2006},
  volume = {11},
  pages = {art18},
  issn = {1708-3087},
  doi = {10.5751/ES-01595-110118},
  journal = {Ecology and Society},
  language = {en},
  number = {1}
}

@article{olssonSocialEcologicalTransformationEcosystem2004,
  title = {Social-{{Ecological Transformation}} for {{Ecosystem Management}} the {{Development}} of {{Adaptive Co}}-Management of a {{Wetland Landscape}} in {{Southern Sweden}}},
  author = {Olsson, Per and Folke, Carl and Hahn, Thomas},
  year = {2004},
  volume = {9},
  journal = {Ecology and Society},
  language = {en},
  number = {4}
}

@article{oneillGoodLifeAll2018,
  title = {A Good Life for All within Planetary Boundaries},
  author = {O'Neill, Daniel W. and Fanning, Andrew L. and Lamb, William F. and Steinberger, Julia K.},
  year = {2018},
  volume = {1},
  pages = {88--95},
  issn = {2398-9629},
  doi = {10.1038/s41893-018-0021-4},
  journal = {Nature Sustainability},
  number = {2}
}

@article{ostromDiagnosticApproachGoing2007,
  title = {A Diagnostic Approach for Going beyond Panaceas},
  author = {Ostrom, E.},
  year = {2007},
  month = sep,
  volume = {104},
  pages = {15181--15187},
  issn = {0027-8424, 1091-6490},
  doi = {10.1073/pnas.0702288104},
  journal = {Proceedings of the National Academy of Sciences},
  language = {en},
  number = {39}
}

@article{ostromEvolutionInstitutionsCollective,
  title = {The {{Evolution}} of {{Institutions}} for {{Collective Action}}},
  author = {Ostrom, Elinor and Faller, Fabian},
  pages = {24},
  language = {en}
}

@article{ostromGeneralFrameworkAnalyzing2009,
  ids = {ostromGeneralFrameworkAnalyzing2009a},
  title = {A {{General Framework}} for {{Analyzing Sustainability}} of {{Social}}-{{Ecological Systems}}},
  author = {Ostrom, Elinor},
  year = {2009},
  month = jul,
  volume = {325},
  pages = {419--422},
  issn = {0036-8075, 1095-9203},
  doi = {10.1126/science.1172133},
  journal = {Science},
  keywords = {*Conservation of Natural Resources,*Ecology,*Sociology,*Systems Theory,7 精读-非常重要,Animals,common-pool resources,framework,Humans,Public Policy,self organzition,Social Environment,social-ecological system,sustainability},
  language = {en},
  number = {5939}
}

@article{pacalaStabilizationWedgesSolving2004,
  title = {Stabilization {{Wedges}}: {{Solving}} the {{Climate Problem}} for the {{Next}} 50 {{Years}} with {{Current Technologies}}},
  shorttitle = {Stabilization {{Wedges}}},
  author = {Pacala, S.},
  year = {2004},
  month = aug,
  volume = {305},
  pages = {968--972},
  issn = {0036-8075, 1095-9203},
  doi = {10.1126/science.1100103},
  journal = {Science},
  language = {en},
  number = {5686}
}

@article{pahl-wostlConceptualFrameworkAnalysing2009,
  title = {A Conceptual Framework for Analysing Adaptive Capacity and Multi-Level Learning Processes in Resource Governance Regimes},
  author = {{Pahl-Wostl}, Claudia},
  year = {2009},
  month = aug,
  volume = {19},
  pages = {354--365},
  issn = {09593780},
  doi = {10.1016/j.gloenvcha.2009.06.001},
  journal = {Global Environmental Change},
  language = {en},
  number = {3}
}

@article{palmerECOLOGYEcologyCrowded2004,
  title = {{{ECOLOGY}}: {{Ecology}} for a {{Crowded Planet}}},
  shorttitle = {{{ECOLOGY}}},
  author = {Palmer, M.},
  year = {2004},
  month = may,
  volume = {304},
  pages = {1251--1252},
  issn = {0036-8075, 1095-9203},
  doi = {10.1126/science.1095780},
  journal = {Science},
  language = {en},
  number = {5675}
}

@book{Panarchy,
  title = {Panarchy}
}

@article{penning-rowsellFloodHazardResponseArgentina1996,
  title = {Flood-{{Hazard Response}} in {{Argentina}}},
  author = {{Penning-Rowsell}, E. C.},
  year = {1996},
  month = jan,
  volume = {86},
  pages = {72},
  issn = {00167428},
  doi = {10.2307/215142},
  journal = {Geographical Review},
  language = {en},
  number = {1}
}

@article{pielkeLiftingTabooAdaptation2007,
  title = {Lifting the Taboo on Adaptation: {{Climate}} Change 2007},
  shorttitle = {Lifting the Taboo on Adaptation},
  author = {Pielke, Roger and Prins, Gwyn and Rayner, Steve and Sarewitz, Daniel},
  year = {2007},
  month = feb,
  volume = {445},
  pages = {597--598},
  issn = {0028-0836, 1476-4687},
  doi = {10.1038/445597a},
  journal = {Nature},
  language = {en},
  number = {7128}
}

@article{plowmanRoleLeadershipEmergent2007,
  title = {The Role of Leadership in Emergent, Self-Organization},
  author = {Plowman, Donde Ashmos and Solansky, Stephanie and Beck, Tammy E. and Baker, LaKami and Kulkarni, Mukta and Travis, Deandra Villarreal},
  year = {2007},
  month = aug,
  volume = {18},
  pages = {341--356},
  issn = {10489843},
  doi = {10.1016/j.leaqua.2007.04.004},
  journal = {The Leadership Quarterly},
  language = {en},
  number = {4}
}

@article{polaskyInclusiveWealthMetric2015,
  title = {Inclusive {{Wealth}} as a {{Metric}} of {{Sustainable Development}}},
  author = {Polasky, Stephen and Bryant, Benjamin and Hawthorne, Peter and Johnson, Justin and Keeler, Bonnie and Pennington, Derric},
  year = {2015},
  month = nov,
  volume = {40},
  pages = {445--466},
  issn = {1543-5938, 1545-2050},
  doi = {10.1146/annurev-environ-101813-013253},
  journal = {Annual Review of Environment and Resources},
  language = {en},
  number = {1}
}

@article{polaskyIntegratingEcologyEconomics2009,
  title = {Integrating {{Ecology}} and {{Economics}} in the {{Study}} of {{Ecosystem Services}}: {{Some Lessons Learned}}},
  shorttitle = {Integrating {{Ecology}} and {{Economics}} in the {{Study}} of {{Ecosystem Services}}},
  author = {Polasky, Stephen and Segerson, Kathleen},
  year = {2009},
  volume = {1},
  pages = {409--434},
  doi = {10.1146/annurev.resource.050708.144110},
  journal = {Annual Review of Resource Economics},
  number = {1}
}

@article{polaskyOptimalManagementPotential2010,
  title = {Optimal {{Management}} with {{Potential Regime Shifts}}},
  author = {Polasky, Stephen and {de Zeeuw}, Aart J. and Wagener, Florian O. O.},
  year = {2010},
  volume = {62},
  pages = {229--240},
  issn = {1556-5068},
  doi = {10.2139/ssrn.1702906},
  journal = {Journal of Environmental Economics and Management},
  number = {2}
}

@article{polaskyOptimalManagementPotential2011,
  title = {Optimal Management with Potential Regime Shifts},
  author = {Polasky, Stephen and {de Zeeuw}, Aart and Wagener, Florian},
  year = {2011},
  month = sep,
  volume = {62},
  pages = {229--240},
  issn = {0095-0696},
  doi = {10.1016/j.jeem.2010.09.004},
  journal = {Journal of Environmental Economics and Management},
  number = {2}
}

@article{postelHumanAppropriationRenewable1996,
  title = {Human {{Appropriation}} of {{Renewable Fresh Water}}},
  author = {Postel, Sandra L. and Daily, Gretchen C. and Ehrlich, Paul R.},
  year = {1996},
  month = feb,
  volume = {271},
  pages = {785--788},
  publisher = {{American Association for the Advancement of Science}},
  issn = {0036-8075, 1095-9203},
  doi = {10.1126/science.271.5250.785},
  chapter = {Reports},
  copyright = {\textcopyright{} 1996 American Association for the Advancement of Science},
  journal = {Science},
  keywords = {reservior,water stress,引言},
  language = {en},
  number = {5250}
}

@article{preiserNavigatingAlternativeFramings2017,
  ids = {preiserNavigatingAlternativeFramings2017a},
  title = {Navigating Alternative Framings of Human-Environment Interactions: {{Variations}} on the Theme of `{{Finding Nemo}}'},
  shorttitle = {Navigating Alternative Framings of Human-Environment Interactions},
  author = {Preiser, Rika and Pereira, Laura M. and Biggs, Reinette (Oonise)},
  year = {2017},
  month = dec,
  volume = {20},
  pages = {83--87},
  issn = {2213-3054},
  doi = {10.1016/j.ancene.2017.10.003},
  journal = {Anthropocene},
  keywords = {Anthropocene,Eco-modernism,Ethics,Planetary stewardship,Post-humanism,Responsibility,Sustainability pathways},
  language = {en},
  series = {Challenges of the ``{{Anthropocene}}''}
}

@misc{psychologywikiForgettingCurve2020,
  title = {Forgetting Curve},
  author = {{Psychology Wiki}},
  year = {2020},
  howpublished = {https://psychology.wikia.org/wiki/Forgetting\_curve},
  journal = {Psychology Wiki},
  keywords = {非常重要},
  language = {en}
}

@article{qinFlexibilityIntensityGlobal2019,
  title = {Flexibility and Intensity of Global Water Use},
  author = {Qin, Yue and Mueller, Nathaniel D. and Siebert, Stefan and Jackson, Robert B. and AghaKouchak, Amir and Zimmerman, Julie B. and Tong, Dan and Hong, Chaopeng and Davis, Steven J.},
  year = {2019},
  month = jun,
  volume = {2},
  pages = {515--523},
  publisher = {{Nature Publishing Group}},
  issn = {2398-9629},
  doi = {10.1038/s41893-019-0294-2},
  copyright = {2019 The Author(s), under exclusive licence to Springer Nature Limited},
  journal = {Nature Sustainability},
  keywords = {3 探索,7 精读-非常重要,index,method,water scarcity,water security,water use,非常重要},
  language = {en},
  number = {6}
}

@article{rabotyagovCosteffectiveTargetingConservation2014,
  title = {Cost-Effective Targeting of Conservation Investments to Reduce the Northern {{Gulf}} of {{Mexico}} Hypoxic Zone},
  author = {Rabotyagov, Sergey S. and Campbell, Todd D. and White, Michael and Arnold, Jeffrey G. and Atwood, Jay and Norfleet, M. Lee and Kling, Catherine L. and Gassman, Philip W. and Valcu, Adriana and Richardson, Jeffrey and Turner, R. Eugene and Rabalais, Nancy N.},
  year = {2014},
  month = dec,
  volume = {111},
  pages = {18530--18535},
  issn = {0027-8424, 1091-6490},
  doi = {10.1073/pnas.1405837111},
  journal = {Proceedings of the National Academy of Sciences},
  language = {en},
  number = {52}
}

@article{raworthEspaceJustePour2017,
  title = {{\guillemotleft{} Un espace s\^ur et juste pour l'humanit\'e \guillemotright}},
  author = {Raworth, Kate and Drique, Marie and {de Coussemaker}, Solange and Drique, Marie},
  year = {2017},
  volume = {356},
  pages = {10},
  issn = {0033-0884, 2108-6648},
  doi = {10.3917/pro.356.0010},
  journal = {Projet},
  language = {fr},
  number = {1}
}

@misc{raworthSafeJustSpace2012,
  title = {A {{Safe}} and {{Just Space}} for {{Humanity}}: {{Can}} We Live within the Doughnut},
  shorttitle = {A {{Safe}} and {{Just Space}} for {{Humanity}}},
  author = {Raworth, Kate},
  year = {2012},
  month = feb,
  publisher = {{Oxfam in association with GSE Research}},
  howpublished = {https://www.ingentaconnect.com/content/oxpp/oppccr/2012/00000008/00000001/art00001},
  language = {en},
  type = {Text}
}

@article{renAnthropogenicInfluencesChanges1994,
  title = {Anthropogenic Influences on Changes in the Sediment Load of the {{Yellow River}}, {{China}}, during the {{Holocene}}},
  author = {Ren, Mei-e and Zhu, Xianmo},
  year = {1994},
  month = sep,
  volume = {4},
  pages = {314--320},
  issn = {0959-6836},
  doi = {10.1177/095968369400400311},
  journal = {The Holocene},
  language = {en},
  number = {3}
}

@article{reyersSocialEcologicalSystemsInsights2018,
  ids = {reyersSocialEcologicalSystemsInsights2018a},
  title = {Social-{{Ecological Systems Insights}} for {{Navigating}} the {{Dynamics}} of the {{Anthropocene}}},
  author = {Reyers, Belinda and Folke, Carl and Moore, Michele-Lee and Biggs, Reinette and Galaz, Victor},
  year = {2018},
  month = oct,
  volume = {43},
  pages = {267--289},
  issn = {1543-5938},
  doi = {10.1146/annurev-environ-110615-085349},
  journal = {Annual Review of Environment and Resources},
  keywords = {1 题目摘要,2 摘要引言结论,anthropocene,complex adaptive syestem,regime shift,resilience,social-ecological system,sustainability,sustainable development,systemic risk,transformation,非常重要},
  number = {1}
}

@article{reynoldsGlobalDesertificationBuilding2007,
  ids = {reynoldsGlobalDesertificationBuilding2007a,reynoldsGlobalDesertificationBuilding2007b},
  title = {Global {{Desertification}}: {{Building}} a {{Science}} for {{Dryland Development}}},
  shorttitle = {Global {{Desertification}}},
  author = {Reynolds, James F. and Smith, D. Mark Stafford and Lambin, Eric F. and Turner, B. L. and Mortimore, Michael and Batterbury, Simon P. J. and Downing, Thomas E. and Dowlatabadi, Hadi and Fern{\'a}ndez, Roberto J. and Herrick, Jeffrey E. and {Huber-Sannwald}, Elisabeth and Jiang, Hong and Leemans, Rik and Lynam, Tim and Maestre, Fernando T. and Ayarza, Miguel and Walker, Brian},
  year = {2007},
  month = may,
  volume = {316},
  pages = {847--851},
  publisher = {{American Association for the Advancement of Science}},
  issn = {0036-8075, 1095-9203},
  doi = {10.1126/science.1131634},
  chapter = {Review},
  copyright = {American Association for the Advancement of Science},
  journal = {Science},
  keywords = {Animals,Biodiversity,Desert Climate,Ecology,Ecosystem,Environment,Humans,Public Policy,Soil},
  language = {en},
  number = {5826},
  pmid = {17495163}
}

@article{rijkeFitforpurposeGovernanceFramework2012,
  title = {Fit-for-Purpose Governance: {{A}} Framework to Make Adaptive Governance Operational},
  shorttitle = {Fit-for-Purpose Governance},
  author = {Rijke, Jeroen and Brown, Rebekah and Zevenbergen, Chris and Ashley, Richard and Farrelly, Megan and Morison, Peter and {van Herk}, Sebastiaan},
  year = {2012},
  month = oct,
  volume = {22},
  pages = {73--84},
  issn = {14629011},
  doi = {10.1016/j.envsci.2012.06.010},
  journal = {Environmental Science \& Policy},
  language = {en}
}

@article{rippleWorldScientistsWarning2017,
  title = {World {{Scientists}}' {{Warning}} to {{Humanity}}: {{A Second Notice}}},
  shorttitle = {World {{Scientists}}' {{Warning}} to {{Humanity}}},
  author = {Ripple, William J. and Wolf, Christopher and Newsome, Thomas M. and Galetti, Mauro and Alamgir, Mohammed and Crist, Eileen and Mahmoud, Mahmoud I. and Laurance, William F. and {15,364 scientist signatories from 184 countries}},
  year = {2017},
  month = dec,
  volume = {67},
  pages = {1026--1028},
  issn = {0006-3568, 1525-3244},
  doi = {10.1093/biosci/bix125},
  journal = {BioScience},
  language = {en},
  number = {12}
}

@article{rochaCascadingRegimeShifts2018,
  ids = {rochaCascadingRegimeShifts2018a},
  title = {Cascading Regime Shifts within and across Scales},
  author = {Rocha, Juan C and Peterson, Garry and Bodin, {\"O}rjan and Levin, Simon},
  year = {2018},
  pages = {6},
  journal = {Science},
  keywords = {2 摘要引言结论,cascading effect,network,regime shift},
  language = {en}
}

@article{rockstromPlanetaryBoundariesExploring2009,
  title = {Planetary {{Boundaries}}: {{Exploring}} the {{Safe Operating Space}} for {{Humanity}}},
  shorttitle = {Planetary {{Boundaries}}},
  author = {Rockstr{\"o}m, Johan and Steffen, Will and Noone, Kevin and Persson, {\AA}sa and Chapin, F. Stuart III and Lambin, Eric and Lenton, Timothy and Scheffer, Marten and Folke, Carl and Schellnhuber, Hans Joachim and Nykvist, Bj{\"o}rn and {de Wit}, Cynthia and Hughes, Terry and {van der Leeuw}, Sander and Rodhe, Henning and S{\"o}rlin, Sverker and Snyder, Peter and Costanza, Robert and Svedin, Uno and Falkenmark, Malin and Karlberg, Louise and Corell, Robert and Fabry, Victoria and Hansen, James and Walker, Brian and Liverman, Diana and Richardson, Katherine and Crutzen, Paul and Foley, Jonathan},
  year = {2009},
  month = nov,
  volume = {14},
  publisher = {{The Resilience Alliance}},
  issn = {1708-3087},
  doi = {10.5751/ES-03180-140232},
  copyright = {\textcopyright{} 2009 by the author(s)},
  journal = {Ecology and Society},
  language = {en},
  number = {2}
}

@article{rockstromPlanetaryBoundariesSeparating2018,
  title = {Planetary {{Boundaries}}: {{Separating Fact}} from {{Fiction}}. {{A Response}} to {{Montoya}} et Al.},
  shorttitle = {Planetary {{Boundaries}}},
  author = {Rockstr{\"o}m, J. and Richardson, K. and Steffen, W. and Mace, G.},
  year = {2018},
  month = apr,
  volume = {33},
  pages = {233--234},
  address = {{England}},
  issn = {0169-5347},
  copyright = {open},
  journal = {Trends in Ecology \& Evolution},
  language = {eng},
  number = {4}
}

@article{rockstromSafeOperatingSpace2009,
  title = {A Safe Operating Space for Humanity},
  author = {Rockstr{\"o}m, Johan and Steffen, Will and Noone, Kevin and Persson, {\AA}sa and Chapin, F. Stuart and Lambin, Eric F. and Lenton, Timothy M. and Scheffer, Marten and Folke, Carl and Schellnhuber, Hans Joachim and Nykvist, Bj{\"o}rn and {de Wit}, Cynthia A. and Hughes, Terry and {van der Leeuw}, Sander and Rodhe, Henning and S{\"o}rlin, Sverker and Snyder, Peter K. and Costanza, Robert and Svedin, Uno and Falkenmark, Malin and Karlberg, Louise and Corell, Robert W. and Fabry, Victoria J. and Hansen, James and Walker, Brian and Liverman, Diana and Richardson, Katherine and Crutzen, Paul and Foley, Jonathan A.},
  year = {2009},
  month = sep,
  volume = {461},
  pages = {472--475},
  issn = {0028-0836, 1476-4687},
  doi = {10.1038/461472a},
  journal = {Nature},
  language = {en},
  number = {7263}
}

@article{rosvallMapsRandomWalks2008,
  title = {Maps of Random Walks on Complex Networks Reveal Community Structure},
  author = {Rosvall, M. and Bergstrom, C. T.},
  year = {2008},
  month = jan,
  volume = {105},
  pages = {1118--1123},
  issn = {0027-8424, 1091-6490},
  doi = {10.1073/pnas.0706851105},
  journal = {Proceedings of the National Academy of Sciences},
  language = {en},
  number = {4}
}

@article{rovaAnalysisManagementMultiple2017,
  title = {Analysis and Management of Multiple Ecosystem Services within a Social-Ecological Context},
  author = {Rova, Silvia and Pranovi, Fabio},
  year = {2017},
  month = jan,
  volume = {72},
  pages = {436--443},
  issn = {1470160X},
  doi = {10.1016/j.ecolind.2016.07.050},
  journal = {Ecological Indicators},
  language = {en}
}

@article{rubinHowQuicklyWe2014,
  title = {How Quickly We Forget},
  author = {Rubin, David C.},
  year = {2014},
  month = nov,
  volume = {346},
  pages = {1058--1059},
  publisher = {{American Association for the Advancement of Science}},
  issn = {0036-8075, 1095-9203},
  doi = {10.1126/science.aaa2341},
  chapter = {Perspective},
  copyright = {Copyright \textcopyright{} 2014, American Association for the Advancement of Science},
  journal = {Science},
  keywords = {重要},
  language = {en},
  number = {6213},
  pmid = {25430756}
}

@article{rubinOneHundredYears1996,
  title = {One {{Hundred Years}} of {{Forgetting}}: {{A Quantitative Description}} of {{Retention}}},
  author = {Rubin, David C and Wenzel, Amy E},
  year = {1996},
  pages = {27},
  journal = {Psychological  Review},
  language = {en}
}

@article{rubinWhyWeRecall2014,
  title = {Why Do We Recall Some Things Better than Others?},
  author = {Rubin, David C},
  year = {2014},
  pages = {1058--1059},
  journal = {Science},
  language = {en}
}

@article{sachsSixTransformationsAchieve2019,
  title = {Six {{Transformations}} to Achieve the {{Sustainable Development Goals}}},
  author = {Sachs, Jeffrey D. and {Schmidt-Traub}, Guido and Mazzucato, Mariana and Messner, Dirk and Nakicenovic, Nebojsa and Rockstr{\"o}m, Johan},
  year = {2019},
  volume = {2},
  pages = {805--814},
  issn = {2398-9629},
  doi = {10.1038/s41893-019-0352-9},
  journal = {Nature Sustainability},
  number = {9}
}

@article{saitoHuangheYellowRiver2001,
  title = {The {{Huanghe}} ({{Yellow River}}) and {{Changjiang}} ({{Yangtze River}}) Deltas: A Review on Their Characteristics, Evolution and Sediment Discharge during the {{Holocene}}},
  shorttitle = {The {{Huanghe}} ({{Yellow River}}) and {{Changjiang}} ({{Yangtze River}}) Deltas},
  author = {Saito, Yoshiki and Yang, Zuosheng and Hori, Kazuaki},
  year = {2001},
  month = nov,
  volume = {41},
  pages = {219--231},
  issn = {0169-555X},
  doi = {10.1016/S0169-555X(01)00118-0},
  journal = {Geomorphology},
  language = {en},
  number = {2},
  series = {The {{Yangtze River}}: An {{Introduction}}}
}

@article{sandstromNetworkStructureAdaptive,
  title = {The Network Structure of Adaptive Governance: A Single Case Study of a Fish Management Area},
  author = {Sandstr{\"o}m, Annica and Rova, Carl},
  pages = {24},
  language = {en}
}

@article{saylesSocialecologicalNetworkAnalysis2017,
  title = {Social-Ecological Network Analysis of Scale Mismatches in Estuary Watershed Restoration},
  author = {Sayles, J. S. and Baggio, J. A.},
  year = {2017},
  month = mar,
  volume = {114},
  pages = {E1776-E1785},
  issn = {1091-6490 (Electronic) 0027-8424 (Linking)},
  doi = {10.1073/pnas.1604405114},
  journal = {Proc Natl Acad Sci U S A},
  keywords = {*environmental governance,*Environmental Monitoring,*environmental restoration planning,*Estuaries,*multilevel governance,*Social Environment,*social-ecological fit,*social-ecological networks,Conservation of Natural Resources,Government,Humans,Natural Resources,United States},
  number = {10},
  pmcid = {PMC5347588}
}

@article{schefferCatastrophicRegimeShifts2003,
  title = {Catastrophic Regime Shifts in Ecosystems: Linking Theory to Observation},
  shorttitle = {Catastrophic Regime Shifts in Ecosystems},
  author = {Scheffer, Marten and Carpenter, Stephen R.},
  year = {2003},
  month = dec,
  volume = {18},
  pages = {648--656},
  issn = {01695347},
  doi = {10.1016/j.tree.2003.09.002},
  journal = {Trends in Ecology \& Evolution},
  language = {en},
  number = {12}
}

@article{schultzAdaptiveGovernanceEcosystem2015,
  title = {Adaptive Governance, Ecosystem Management, and Natural Capital: {{Fig}}. 1.},
  shorttitle = {Adaptive Governance, Ecosystem Management, and Natural Capital},
  author = {Schultz, Lisen and Folke, Carl and {\"O}sterblom, Henrik and Olsson, Per},
  year = {2015},
  month = jun,
  volume = {112},
  pages = {7369--7374},
  issn = {0027-8424, 1091-6490},
  doi = {10.1073/pnas.1406493112},
  journal = {Proceedings of the National Academy of Sciences},
  language = {en},
  number = {24}
}

@article{scoonesTransformationsSustainabilityCombining2020,
  title = {Transformations to Sustainability: Combining Structural, Systemic and Enabling Approaches},
  author = {Scoones, Ian and Stirling, Andrew and Abrol, Dinesh and Atela, Joanes and {Charli-Joseph}, Lakshmi and Eakin, Hallie and Ely, Adrian and Olsson, Per and Pereira, Laura and Priya, Ritu and {van Zwanenberg}, Patrick and Yang, Lichao},
  year = {2020},
  volume = {42},
  pages = {65--75},
  issn = {18773435},
  doi = {10.1016/j.cosust.2019.12.004},
  journal = {Current Opinion in Environmental Sustainability}
}

@article{scottUnpackingCollaborativeToolbox2017,
  title = {Unpacking the {{Collaborative Toolbox}}: {{Why}} and {{When Do Public Managers Choose Collaborative Governance Strategies}}?},
  shorttitle = {Unpacking the {{Collaborative Toolbox}}},
  author = {Scott, Tyler A. and Thomas, Craig W.},
  year = {2017},
  month = feb,
  volume = {45},
  pages = {191--214},
  issn = {1541-0072},
  doi = {10.1111/psj.12162},
  copyright = {\textcopyright{} 2016 Policy Studies Organization},
  journal = {Policy Studies Journal},
  language = {en},
  number = {1}
}

@article{setoGlobalForecastsUrban2012,
  title = {Global Forecasts of Urban Expansion to 2030 and Direct Impacts on Biodiversity and Carbon Pools},
  author = {Seto, K. C. and Guneralp, B. and Hutyra, L. R.},
  year = {2012},
  month = oct,
  volume = {109},
  pages = {16083--16088},
  issn = {0027-8424, 1091-6490},
  doi = {10.1073/pnas.1211658109},
  journal = {Proceedings of the National Academy of Sciences},
  language = {en},
  number = {40}
}

@article{shiChangesSedimentYield2002,
  title = {Changes in Sediment Yield of the {{Yellow River}} Basin of {{China}} during the {{Holocene}}},
  author = {Shi, Changxing and Dian, Zhang and You, Lianyuan},
  year = {2002},
  month = aug,
  volume = {46},
  pages = {267--283},
  issn = {0169555X},
  doi = {10.1016/S0169-555X(02)00080-6},
  journal = {Geomorphology},
  keywords = {非常重要},
  language = {en},
  number = {3-4}
}

@article{shogrenBehavioralEnvironmentalEconomics2008,
  title = {On {{Behavioral}}-{{Environmental Economics}}},
  author = {Shogren, J. F. and Taylor, L. O.},
  year = {2008},
  month = apr,
  volume = {2},
  pages = {26--44},
  issn = {1750-6816, 1750-6824},
  doi = {10.1093/reep/rem027},
  journal = {Review of Environmental Economics and Policy},
  language = {en},
  number = {1}
}

@article{sietzCategorisationTypicalVulnerability2011,
  title = {Categorisation of Typical Vulnerability Patterns in Global Drylands},
  author = {Sietz, Diana and L{\"u}deke, Matthias K. B. and Walther, Carsten},
  year = {2011},
  volume = {21},
  pages = {431--440},
  issn = {09593780},
  doi = {10.1016/j.gloenvcha.2010.11.005},
  journal = {Global Environmental Change},
  number = {2}
}

@article{sivapalanSociohydrologyNewScience2012,
  title = {Socio-Hydrology: {{A}} New Science of People and Water: {{INVITED COMMENTARY}}},
  shorttitle = {Socio-Hydrology},
  author = {Sivapalan, Murugesu and Savenije, Hubert H. G. and Bl{\"o}schl, G{\"u}nter},
  year = {2012},
  month = apr,
  volume = {26},
  pages = {1270--1276},
  issn = {08856087},
  doi = {10.1002/hyp.8426},
  journal = {Hydrological Processes},
  language = {en},
  number = {8}
}

@article{sivapalanSociohydrologyUseinspiredWater2014,
  title = {Socio-Hydrology: {{Use}}-Inspired Water Sustainability Science for the {{Anthropocene}}},
  shorttitle = {Socio-Hydrology},
  author = {Sivapalan, M. and Konar, M. and Srinivasan, V. and Chhatre, A. and Wutich, A. and Scott, C. A. and Wescoat, J. L. and Rodr{\'i}guez-Iturbe, I.},
  year = {2014},
  volume = {2},
  pages = {225--230},
  issn = {2328-4277},
  doi = {10.1002/2013EF000164},
  copyright = {\textcopyright{} 2014 The Authors.},
  journal = {Earth's Future},
  language = {en},
  number = {4}
}

@article{smitAdaptationAdaptiveCapacity2006,
  title = {Adaptation, Adaptive Capacity and Vulnerability},
  author = {Smit, Barry and Wandel, Johanna},
  year = {2006},
  month = aug,
  volume = {16},
  pages = {282--292},
  issn = {09593780},
  doi = {10.1016/j.gloenvcha.2006.03.008},
  journal = {Global Environmental Change},
  language = {en},
  number = {3}
}

@book{soderqvistBringingEcologistsEconomists2011,
  title = {Bringing {{Ecologists}} and {{Economists Together}} : The {{Ask\"o Meetings}} and {{Papers}}},
  shorttitle = {Bringing {{Ecologists}} and {{Economists Together}}},
  author = {S{\"o}derqvist, T. and Sundbaum, Cecilia and Folke, Carl and M{\"a}ler, Karl-G{\"o}ran},
  year = {2011},
  publisher = {{Springer}},
  language = {eng}
}

@article{starzomskiBerkesColdingFolke2004,
  title = {Berkes, {{F}}., {{J}}. {{Colding}}, and {{C}}. {{Folke}}. 2003. {{Navigating}} Social-Ecological Systems: {{Building}} Resilience for Complexity and Change. {{Cambridge University Press}}, {{Cambridge}}, {{UK}}.},
  shorttitle = {Berkes, {{F}}., {{J}}. {{Colding}}, and {{C}}. {{Folke}}. 2003. {{Navigating}} Social-Ecological Systems},
  author = {Starzomski, Brian M.},
  year = {2004},
  volume = {9},
  pages = {art1},
  issn = {1708-3087},
  doi = {10.5751/ES-00601-090101},
  journal = {Ecology and Society},
  language = {en},
  number = {1}
}

@article{steffenPlanetaryBoundariesGuiding2015,
  title = {Planetary Boundaries: Guiding Human Development on a Changing Planet},
  author = {Steffen, W. and Richardson, K. and Rockstrom, J. and Cornell, S. E. and Fetzer, I. and Bennett, E. M. and Biggs, R. and Carpenter, S. R. and {de Vries}, W. and {de Wit}, C. A. and Folke, C. and Gerten, D. and Heinke, J. and Mace, G. M. and Persson, L. M. and Ramanathan, V. and Reyers, B. and Sorlin, S.},
  year = {2015},
  month = feb,
  volume = {347},
  pages = {1259855},
  issn = {1095-9203 (Electronic) 0036-8075 (Linking)},
  doi = {10.1126/science.1259855},
  journal = {Science},
  keywords = {*Biological Evolution,*Climate Change,*Earth (Planet),*Ozone Depletion,Atmosphere,Fresh Water,Humans},
  number = {6223}
}

@article{steffenTrajectoriesEarthSystem2018,
  ids = {steffenTrajectoriesEarthSystem2018a},
  title = {Trajectories of the {{Earth System}} in the {{Anthropocene}}},
  author = {Steffen, Will and Rockstr{\"o}m, Johan and Richardson, Katherine and Lenton, Timothy M. and Folke, Carl and Liverman, Diana and Summerhayes, Colin P. and Barnosky, Anthony D. and Cornell, Sarah E. and Crucifix, Michel and Donges, Jonathan F. and Fetzer, Ingo and Lade, Steven J. and Scheffer, Marten and Winkelmann, Ricarda and Schellnhuber, Hans Joachim},
  year = {2018},
  month = aug,
  volume = {115},
  pages = {8252--8259},
  issn = {0027-8424, 1091-6490},
  doi = {10.1073/pnas.1810141115},
  journal = {Proceedings of the National Academy of Sciences},
  language = {en},
  number = {33}
}

@article{sternClimateChangeRisk2007,
  title = {Climate {{Change}}: {{Risk}}, {{Ethics}}, and the {{Stern Review}}},
  shorttitle = {Climate {{Change}}},
  author = {Stern, Nicholas and Taylor, Chris},
  year = {2007},
  month = jul,
  volume = {317},
  pages = {203--204},
  issn = {0036-8075, 1095-9203},
  doi = {10.1126/science.1142920},
  copyright = {\textcopyright{} 2007 American Association for the Advancement of Science},
  journal = {Science},
  language = {en},
  number = {5835},
  pmid = {17626870}
}

@article{sternEconomicsClimateChange2008,
  title = {The {{Economics}} of {{Climate Change}}},
  author = {Stern, Nicholas},
  year = {2008},
  volume = {98},
  pages = {39},
  language = {en},
  number = {2}
}

@article{stokerGovernanceTheoryFive1998,
  title = {Governance as Theory: Five Propositions},
  shorttitle = {Governance as Theory},
  author = {Stoker, Gerry},
  year = {1998},
  month = mar,
  volume = {50},
  pages = {17--28},
  issn = {0020-8701, 1468-2451},
  doi = {10.1111/1468-2451.00106},
  journal = {International Social Science Journal},
  language = {en},
  number = {155}
}

@article{sunShiftsSedimentTransport2020,
  title = {Shifts of Sediment Transport Regime Caused by Ecological Restoration in the {{Middle Yellow River Basin}}},
  author = {Sun, Pengcheng and Wu, Yiping and Gao, Jianen and Yao, Yingying and Zhao, Fubo and Lei, Xiaohui and Qiu, Linjing},
  year = {2020},
  month = jan,
  volume = {698},
  pages = {134261},
  issn = {00489697},
  doi = {10.1016/j.scitotenv.2019.134261},
  journal = {Science of The Total Environment},
  keywords = {非常重要},
  language = {en}
}

@article{syvitskiFloodsFloodplainsDelta2012,
  title = {Floods, Floodplains, Delta Plains \textemdash{} {{A}} Satellite Imaging Approach},
  author = {Syvitski, James P.M. and Overeem, Irina and Brakenridge, G. Robert and Hannon, Mark},
  year = {2012},
  month = aug,
  volume = {267-268},
  pages = {1--14},
  issn = {00370738},
  doi = {10.1016/j.sedgeo.2012.05.014},
  journal = {Sedimentary Geology},
  language = {en}
}

@article{tan-sooSeekingNaturalCapital2019,
  title = {Seeking Natural Capital Projects: {{Forest}} Fires, Haze, and Early-Life Exposure in {{Indonesia}}},
  shorttitle = {Seeking Natural Capital Projects},
  author = {{Tan-Soo}, Jie-Sheng and Pattanayak, Subhrendu K.},
  year = {2019},
  month = mar,
  volume = {116},
  pages = {5239--5245},
  issn = {0027-8424, 1091-6490},
  doi = {10.1073/pnas.1802876116},
  journal = {Proceedings of the National Academy of Sciences},
  language = {en},
  number = {12}
}

@book{tanChineseHistoricalGeography1982,
  title = {{Chinese Historical Geography Atlas}},
  author = {Tan, Qixiang},
  year = {1982},
  volume = {6},
  publisher = {{China Cartographic Publishing House}},
  address = {{Beijing, China}},
  language = {Chinese}
}

@article{tilmanLocalizedProsocialPreferences2019,
  title = {Localized Prosocial Preferences, Public Goods, and Common-Pool Resources},
  author = {Tilman, Andrew R. and Dixit, Avinash K. and Levin, Simon A.},
  year = {2019},
  volume = {116},
  pages = {5305-5310 \%\textbackslash{} 2019-08-02 00:24:00},
  journal = {PNAS},
  number = {12}
}

@article{tolSternReviewEconomics2006,
  title = {The {{Stern Review}} of the {{Economics}} of {{Climate Change}}: {{A Comment}}},
  shorttitle = {The {{Stern Review}} of the {{Economics}} of {{Climate Change}}},
  author = {Tol, Richard S. J.},
  year = {2006},
  month = nov,
  volume = {17},
  pages = {977--981},
  issn = {0958-305X, 2048-4070},
  doi = {10.1260/095830506779398911},
  journal = {Energy \& Environment},
  language = {en},
  number = {6}
}

@article{tompkinsPlanningClimateChange2005,
  title = {Planning for Climate Change in Small Islands: {{Insights}} from National Hurricane Preparedness in the {{Cayman Islands}}},
  shorttitle = {Planning for Climate Change in Small Islands},
  author = {Tompkins, Emma L.},
  year = {2005},
  month = jul,
  volume = {15},
  pages = {139--149},
  issn = {09593780},
  doi = {10.1016/j.gloenvcha.2004.11.002},
  journal = {Global Environmental Change},
  language = {en},
  number = {2}
}

@article{troyDebatesPerspectivesSociohydrology2015,
  title = {Debates\textemdash{{Perspectives}} on Socio-Hydrology: {{Socio}}-Hydrologic Modeling: {{Tradeoffs}}, Hypothesis Testing, and Validation},
  shorttitle = {Debates\textemdash{{Perspectives}} on Socio-Hydrology},
  author = {Troy, Tara J. and Pavao-Zuckerman, Mitchell and Evans, Tom P.},
  year = {2015},
  volume = {51},
  pages = {4806--4814},
  issn = {1944-7973},
  doi = {10.1002/2015WR017046},
  journal = {Water Resources Research},
  language = {en},
  number = {6}
}

@book{twigger-rossImpactFloodingUrban2005,
  title = {The Impact of Flooding on Urban and Rural Communities},
  author = {{Twigger-Ross}, Clare and {Great Britain} and {Environment Agency} and {Great Britain} and {Department for Environment}, Food \& Rural Affairs},
  year = {2005},
  publisher = {{Environment Agency}},
  address = {{Bristol}},
  isbn = {978-1-84432-517-7},
  language = {en}
}

@article{vanloonDroughtAnthropocene2016,
  ids = {vanloonDroughtAnthropocene2016a},
  title = {Drought in the {{Anthropocene}}},
  author = {Van Loon, Anne F. and Gleeson, Tom and Clark, Julian and Van Dijk, Albert I. J. M. and Stahl, Kerstin and Hannaford, Jamie and Di Baldassarre, Giuliano and Teuling, Adriaan J. and Tallaksen, Lena M. and Uijlenhoet, Remko and Hannah, David M. and Sheffield, Justin and Svoboda, Mark and Verbeiren, Boud and Wagener, Thorsten and Rangecroft, Sally and Wanders, Niko and Van Lanen, Henny A. J.},
  year = {2016},
  month = feb,
  volume = {9},
  pages = {89--91},
  issn = {1752-0894, 1752-0908},
  doi = {10.1038/ngeo2646},
  journal = {Nature Geoscience},
  keywords = {2 摘要引言结论,anthropocene,drought},
  language = {en},
  number = {2}
}

@article{vanloonDroughtHumanmodifiedWorld2016,
  title = {Drought in a Human-Modified World: Reframing Drought Definitions,Understanding, and Analysis Approaches},
  shorttitle = {Drought in a Human-Modified World},
  author = {Van Loon, Anne F. and Stahl, Kerstin and Di Baldassarre, Giuliano and Clark, Julian and Rangecroft, Sally and Wanders, Niko and Gleeson, Tom and Van Dijk, Albert I. J. M. and Tallaksen, Lena M. and Hannaford, Jamie and Uijlenhoet, Remko and Teuling, Adriaan J. and Hannah, David M. and Sheffield, Justin and Svoboda, Mark and Verbeiren, Boud and Wagener, Thorsten and Van Lanen, Henny A. J.},
  year = {2016},
  month = sep,
  volume = {20},
  pages = {3631--3650},
  issn = {1607-7938},
  doi = {10.5194/hess-20-3631-2016},
  journal = {Hydrology and Earth System Sciences},
  keywords = {1 题目摘要,coupled human and nature system,drought,socio-hydrology},
  language = {en},
  number = {9}
}

@article{veldkampWaterScarcityHotspots2017,
  title = {Water Scarcity Hotspots Travel Downstream Due to Human Interventions in the 20th and 21st Century},
  author = {Veldkamp, T.I.E. and Wada, Y. and Aerts, J.C.J.H. and D{\"o}ll, P. and Gosling, S. N. and Liu, J. and Masaki, Y. and Oki, T. and Ostberg, S. and Pokhrel, Y. and Satoh, Y. and Kim, H. and Ward, P. J.},
  year = {2017},
  month = aug,
  volume = {8},
  pages = {15697},
  issn = {2041-1723},
  doi = {10.1038/ncomms15697},
  journal = {Nature Communications},
  keywords = {water pattern,引言},
  language = {en},
  number = {1}
}

@article{verheyenAdaptationImpactsAnthropogenic2002,
  title = {Adaptation to the {{Impacts}} of {{Anthropogenic Climate Change}} -{{The International Legal Framework}}},
  author = {Verheyen, Roda},
  year = {2002},
  month = jul,
  volume = {11},
  pages = {129--143},
  issn = {0962-8797, 1467-9388},
  doi = {10.1111/1467-9388.00312},
  journal = {Review of European Community and International Environmental Law},
  language = {en},
  number = {2}
}

@article{viglioneInsightsSociohydrologyModelling2014,
  title = {Insights from Socio-Hydrology Modelling on Dealing with Flood Risk \textendash{} {{Roles}} of Collective Memory, Risk-Taking Attitude and Trust},
  author = {Viglione, Alberto and Di Baldassarre, Giuliano and Brandimarte, Luigia and Kuil, Linda and Carr, Gemma and Salinas, Jos{\'e} Luis and Scolobig, Anna and Bl{\"o}schl, G{\"u}nter},
  year = {2014},
  month = oct,
  volume = {518},
  pages = {71--82},
  issn = {00221694},
  doi = {10.1016/j.jhydrol.2014.01.018},
  journal = {Journal of Hydrology},
  keywords = {非常重要},
  language = {en}
}

@article{vitousekHumanDominationEarth,
  title = {Human {{Domination}} of {{Earth}}'s {{Ecosystems}}},
  author = {Vitousek, Peter M and Mooney, HaroldA and Lubchenco, Jane and Melillo, JerryM},
  pages = {6},
  language = {en}
}

@article{wadaWedgeApproachWater2014,
  ids = {wadaWedgeApproachWater2014a},
  title = {Wedge Approach to Water Stress},
  author = {Wada, Yoshihide and Gleeson, Tom and Esnault, Laurent},
  year = {2014},
  month = sep,
  volume = {7},
  pages = {615--617},
  publisher = {{Nature Publishing Group}},
  issn = {1752-0908},
  doi = {10.1038/ngeo2241},
  copyright = {2014 Nature Publishing Group, a division of Macmillan Publishers Limited. All Rights Reserved.},
  journal = {Nature Geoscience},
  keywords = {water pattern,引言},
  language = {en},
  number = {9}
}

@article{walkerExploringResilienceSocialEcological2006,
  title = {Exploring {{Resilience}} in {{Social}}-{{Ecological Systems Through Comparative Studies}} and {{Theory Development}}: {{Introduction}} to the {{Special Issue}}},
  shorttitle = {Exploring {{Resilience}} in {{Social}}-{{Ecological Systems Through Comparative Studies}} and {{Theory Development}}},
  author = {Walker, Brian H. and Anderies, John M. and Kinzig, Ann P. and Ryan, Paul},
  year = {2006},
  volume = {11},
  pages = {art12},
  issn = {1708-3087},
  doi = {10.5751/ES-01573-110112},
  journal = {Ecology and Society},
  language = {en},
  number = {1}
}

@article{walkerResilienceAdaptabilityTransformability,
  title = {Resilience, {{Adaptability}} and {{Transformability}} in {{Social}}\textendash{} Ecological {{Systems}}},
  author = {Walker, Brian and Holling, C S and Carpenter, Stephen R and Kinzig, Ann},
  pages = {10},
  journal = {Ecology and Society},
  language = {en}
}

@article{walkerResilienceAdaptabilityTransformability2004,
  title = {Resilience, {{Adaptability}} and {{Transformability}} in {{Social}}\textendash Ecological {{Systems}}},
  author = {Walker, Brian and Holling, C. S. and Carpenter, Stephen R. and Kinzig, Ann},
  year = {2004},
  volume = {9},
  issn = {1708-3087},
  journal = {Ecology and Society},
  number = {2}
}

@article{walkerResilienceManagementSocialecological2002,
  title = {Resilience {{Management}} in {{Social}}-Ecological {{Systems}}: A {{Working Hypothesis}} for a {{Participatory Approach}}},
  shorttitle = {Resilience {{Management}} in {{Social}}-Ecological {{Systems}}},
  author = {Walker, Brian and Carpenter, Stephen R. and Anderies, John M. and Abel, Nick and Cumming, Graeme and Janssen, Marco A. and Lebel, Louis and Norberg, Jon and Peterson, Garry D. and Pritchard, Rusty},
  year = {2002},
  volume = {6},
  issn = {1195-5449},
  doi = {10.5751/ES-00356-060114},
  journal = {Conservation Ecology},
  language = {en},
  number = {1}
}

@article{wangAlignmentSocialEcological2019,
  ids = {wangAlignmentSocialEcological2019a},
  title = {Alignment of Social and Ecological Structures Increased the Ability of River Management},
  author = {Wang, Shuai and Fu, Bojie and Bodin, {\"O}rjan and Liu, Jianguo and Zhang, Mengmeng and Li, Xiaoyan},
  year = {2019},
  month = sep,
  volume = {64},
  pages = {1318--1324},
  issn = {2095-9273},
  doi = {10.1016/j.scib.2019.07.016},
  journal = {Science Bulletin},
  keywords = {Heihe River,Institutional fit,River management,Social ecological system},
  language = {en},
  number = {18}
}

@article{wangConstructingDemonstrationZones2020,
  title = {Constructing Demonstration Zones to Promote the Implementation of {{Sustainable Development Goals}}},
  author = {Wang, Yichao and Yuan, Jingjing and Lu, Yonglong},
  year = {2020},
  volume = {1},
  pages = {18--24},
  issn = {26666839},
  doi = {10.1016/j.geosus.2020.02.004},
  journal = {Geography and Sustainability},
  number = {1}
}

@article{wangEcosystemServicesManagement2013,
  ids = {wangEcosystemServicesManagement2013a,wangEcosystemServicesManagement2013b},
  title = {Ecosystem Services Management: An Integrated Approach},
  shorttitle = {Ecosystem Services Management},
  author = {Wang, Shuai and Fu, Bojie and Wei, Yongping and Lyle, Clive},
  year = {2013},
  month = mar,
  volume = {5},
  pages = {11--15},
  issn = {18773435},
  doi = {10.1016/j.cosust.2013.01.003},
  journal = {Current Opinion in Environmental Sustainability},
  language = {en},
  number = {1}
}

@article{wangGeopatternCourseShifts2011,
  title = {The Geo-Pattern of Course Shifts of the {{Lower Yellow River}}},
  author = {Wang, Yingjie and Su, Yanjun},
  year = {2011},
  month = dec,
  volume = {21},
  pages = {1019--1036},
  issn = {1009-637X, 1861-9568},
  doi = {10.1007/s11442-011-0897-7},
  journal = {Journal of Geographical Sciences},
  language = {en},
  number = {6}
}

@article{wangHistoricalChangesEnvironment2006,
  title = {Historical Changes in the Environment of the {{Chinese Loess Plateau}}},
  author = {Wang, Li and Shao, Ming'an and Wang, Quanjiu and Gale, William J.},
  year = {2006},
  month = nov,
  volume = {9},
  pages = {675--684},
  issn = {14629011},
  doi = {10.1016/j.envsci.2006.08.003},
  journal = {Environmental Science \& Policy},
  keywords = {非常重要},
  language = {en},
  number = {7-8}
}

@incollection{wangPreliminaryStudyRelationship1991,
  title = {{A preliminary study of the relationship between water-sand and environmental changes in the reaches of Yellow River during 70-870 A.D.}},
  booktitle = {{Collection of researches on environmental changes of the Yellow River Basin and laws of water and sediment transportation}},
  author = {Wang, Yingjie},
  year = {1991},
  volume = {2},
  pages = {145--153},
  publisher = {{Geological Publishing House}},
  address = {{Beijing, China}},
  language = {Chinese}
}

@article{wangReducedSedimentTransport2016,
  ids = {wangReducedSedimentTransport2016a,wangReducedSedimentTransport2016b},
  title = {Reduced Sediment Transport in the {{Yellow River}} Due to Anthropogenic Changes},
  author = {Wang, Shuai and Fu, Bojie and Piao, Shilong and L{\"u}, Yihe and Ciais, Philippe and Feng, Xiaoming and Wang, Yafeng},
  year = {2016},
  month = jan,
  volume = {9},
  pages = {38--41},
  publisher = {{Nature Publishing Group}},
  issn = {1752-0894, 1752-0908},
  doi = {10.1038/ngeo2602},
  journal = {Nature Geoscience},
  keywords = {推荐},
  language = {en},
  number = {1}
}

@article{wangResponsesSoilMoisture2013,
  title = {Responses of Soil Moisture in Different Land Cover Types to Rainfall Events in a Re-Vegetation Catchment Area of the {{Loess Plateau}}, {{China}}},
  author = {Wang, Shuai and Fu, Bojie and Gao, Guangyao and Liu, Yu and Zhou, Ji},
  year = {2013},
  month = feb,
  volume = {101},
  pages = {122--128},
  issn = {0341-8162},
  doi = {10.1016/j.catena.2012.10.006},
  journal = {CATENA},
  language = {en}
}

@article{wangSoilMoistureEvapotranspiration2012,
  title = {Soil Moisture and Evapotranspiration of Different Land Cover Types in the {{Loess Plateau}}, {{China}}},
  author = {Wang, S. and Fu, B. J. and Gao, G. Y. and Yao, X. L. and Zhou, J.},
  year = {2012},
  month = aug,
  volume = {16},
  pages = {2883--2892},
  publisher = {{Copernicus GmbH}},
  issn = {1027-5606},
  doi = {10.5194/hess-16-2883-2012},
  journal = {Hydrology and Earth System Sciences},
  language = {English},
  number = {8}
}

@article{wangStepwiseDecreasesHuanghe2007,
  title = {Stepwise Decreases of the {{Huanghe}} ({{Yellow River}}) Sediment Load (1950\textendash 2005): {{Impacts}} of Climate Change and Human Activities},
  shorttitle = {Stepwise Decreases of the {{Huanghe}} ({{Yellow River}}) Sediment Load (1950\textendash 2005)},
  author = {Wang, Houjie and Yang, Zuosheng and Saito, Yoshiki and Liu, J. Paul and Sun, Xiaoxia and Wang, Yan},
  year = {2007},
  month = jun,
  volume = {57},
  pages = {331--354},
  issn = {09218181},
  doi = {10.1016/j.gloplacha.2007.01.003},
  journal = {Global and Planetary Change},
  keywords = {非常重要},
  language = {en},
  number = {3-4}
}

@article{wangStructureFunctionDynamic2018,
  ids = {wangStructureFunctionDynamic2018a},
  title = {Structure, Function, and Dynamic Mechanisms of Coupled Human\textendash Natural Systems},
  author = {Wang, Shuai and Fu, Bojie and Zhao, Wenwu and Liu, Yanxu and Wei, Fangli},
  year = {2018},
  month = aug,
  volume = {33},
  pages = {87--91},
  issn = {1877-3435},
  doi = {10.1016/j.cosust.2018.05.002},
  journal = {Current Opinion in Environmental Sustainability},
  language = {en},
  series = {System Dynamics and Sustainability}
}

@misc{WaterRegimeICPDR,
  title = {Water {{Regime}} | {{ICPDR}} - {{International Commission}} for the {{Protection}} of the {{Danube River}}},
  howpublished = {https://www.icpdr.org/main/issues/water-regime}
}

@article{weiskelWaterUseRegimes2007,
  title = {Water Use Regimes: {{Characterizing}} Direct Human Interaction with Hydrologic Systems},
  shorttitle = {Water Use Regimes},
  author = {Weiskel, Peter K. and Vogel, Richard M. and Steeves, Peter A. and Zarriello, Philip J. and DeSimone, Leslie A. and Ries, Kernell G.},
  year = {2007},
  volume = {43},
  issn = {1944-7973},
  doi = {10.1029/2006WR005062},
  journal = {Water Resources Research},
  keywords = {water use regime,重要},
  language = {en},
  number = {4}
}

@article{weiSpatialTemporalVariation2016,
  title = {Spatial\textendash Temporal Variation and Periodic Change in Streamflow and Suspended Sediment Discharge along the Mainstream of the {{Yellow River}} during 1950-2013},
  author = {Wei, Yanhong and Jiao, Juying and Zhao, Guangju and Zhao, Hengkang and He, Zhong and Mu, Xingmin},
  year = {2016},
  month = may,
  volume = {140},
  pages = {105--115},
  issn = {0341-8162},
  doi = {10.1016/j.catena.2016.01.016},
  journal = {CATENA},
  keywords = {审稿人让加},
  language = {en}
}

@article{weitzmanModelingInterpretingEconomics2009,
  title = {On {{Modeling}} and {{Interpreting}} the {{Economics}} of {{Catastrophic Climate Change}}},
  author = {Weitzman, Martin L},
  year = {2009},
  month = feb,
  volume = {91},
  pages = {1--19},
  issn = {0034-6535, 1530-9142},
  doi = {10.1162/rest.91.1.1},
  journal = {Review of Economics and Statistics},
  language = {en},
  number = {1}
}

@article{weitzmanWhyFarDistantFuture1998,
  title = {Why the {{Far}}-{{Distant Future Should Be Discounted}} at {{Its Lowest Possible Rate}}},
  author = {Weitzman, Martin L.},
  year = {1998},
  month = nov,
  volume = {36},
  pages = {201--208},
  issn = {00950696},
  doi = {10.1006/jeem.1998.1052},
  journal = {Journal of Environmental Economics and Management},
  language = {en},
  number = {3}
}

@article{westleyTippingSustainabilityEmerging2011,
  title = {Tipping {{Toward Sustainability}}: {{Emerging Pathways}} of {{Transformation}}},
  shorttitle = {Tipping {{Toward Sustainability}}},
  author = {Westley, Frances and Olsson, Per and Folke, Carl and {Homer-Dixon}, Thomas and Vredenburg, Harrie and Loorbach, Derk and Thompson, John and Nilsson, M{\aa}ns and Lambin, Eric and Sendzimir, Jan and Banerjee, Banny and Galaz, Victor and {van der Leeuw}, Sander},
  year = {2011},
  month = nov,
  volume = {40},
  pages = {762--780},
  issn = {0044-7447, 1654-7209},
  doi = {10.1007/s13280-011-0186-9},
  journal = {AMBIO},
  language = {en},
  number = {7}
}

@article{wheaterLandUseWater2009,
  title = {Land Use, Water Management and Future Flood Risk},
  author = {Wheater, Howard and Evans, Edward},
  year = {2009},
  month = dec,
  volume = {26},
  pages = {S251-S264},
  issn = {02648377},
  doi = {10.1016/j.landusepol.2009.08.019},
  journal = {Land Use Policy},
  language = {en}
}

@article{wohlfartSocialEcologicalChallenges2016,
  title = {Social\textendash Ecological Challenges in the {{Yellow River}} Basin ({{China}}): A Review},
  shorttitle = {Social\textendash Ecological Challenges in the {{Yellow River}} Basin ({{China}})},
  author = {Wohlfart, Christian and Kuenzer, Claudia and Chen, Cui and Liu, Gaohuan},
  year = {2016},
  month = jul,
  volume = {75},
  issn = {1866-6280, 1866-6299},
  doi = {10.1007/s12665-016-5864-2},
  journal = {Environmental Earth Sciences},
  language = {en},
  number = {13}
}

@article{wuDynamicsAttributionsBaseflow2019,
  title = {Dynamics and {{Attributions}} of {{Baseflow}} in the {{Semiarid Loess Plateau}}},
  author = {Wu, Jingwen and Miao, Chiyuan and Duan, Qingyun and Lei, Xiaohui and Li, Xiaoyan and Li, Hu},
  year = {2019},
  month = apr,
  pages = {2018JD029775},
  issn = {2169-897X, 2169-8996},
  doi = {10.1029/2018JD029775},
  journal = {Journal of Geophysical Research: Atmospheres},
  language = {en}
}

@article{wuStepwiseMorphologicalEvolution2017,
  title = {Stepwise Morphological Evolution of the Active {{Yellow River}} ({{Huanghe}}) Delta Lobe (1976\textendash 2013): {{Dominant}} Roles of Riverine Discharge and Sediment Grain Size},
  shorttitle = {Stepwise Morphological Evolution of the Active {{Yellow River}} ({{Huanghe}}) Delta Lobe (1976\textendash 2013)},
  author = {Wu, Xiao and Bi, Naishuang and Xu, Jingping and Nittrouer, Jeffrey A. and Yang, Zuosheng and Saito, Yoshiki and Wang, Houjie},
  year = {2017},
  month = sep,
  volume = {292},
  pages = {115--127},
  issn = {0169555X},
  doi = {10.1016/j.geomorph.2017.04.042},
  journal = {Geomorphology},
  language = {en}
}

@misc{xinhuashe2020-06-23GuoXinBanGongBu61GeChongDaGuoJiaZhanLueChangYongGuanJianCiYingWenFanYi,
  title = {国新办公布61个重大国家战略常用关键词英文翻译},
  author = {{新华社2020-06-23}},
  howpublished = {http://mp.weixin.qq.com/s?\_\_biz=MzU0Njg4NDQ0NQ==\&mid=2247484229\&idx=1\&sn=5a8c389d81c829e6b1dfd665dbc19215\&chksm=fb579d77cc20146162ce16e90d19a1556e5547fec11f73bcf760ed69cd8820fa98a62560601d\#rd},
  journal = {微信公众平台},
  keywords = {重要}
}

@incollection{xuComingYellowRiver1992,
  title = {{The coming of the Yellow River in the lower reaches of the Ming and Qing Dynasties}},
  booktitle = {{Collection of researches on environmental changes of the Yellow River Basin and laws of water and sediment transportation}},
  author = {Xu, Hailiang},
  year = {1992},
  volume = {3},
  pages = {23--29},
  publisher = {{Geological Publishing House}},
  address = {{Beijing, China}},
  language = {Chinese}
}

@article{xueHistoricalChangesYellow1993,
  title = {Historical Changes in the {{Yellow River}} Delta, {{China}}},
  author = {Xue, Chunting},
  year = {1993},
  month = aug,
  volume = {113},
  pages = {321--330},
  issn = {00253227},
  doi = {10.1016/0025-3227(93)90025-Q},
  journal = {Marine Geology},
  language = {en},
  number = {3-4}
}

@article{xuReconstructingSuspendedSediment2017,
  title = {Reconstructing the Suspended Sediment Load of the {{Yellow River}} since 1470 {{CE}} Using the {{Drought}} and {{Flood Index}}},
  author = {Xu, Jiongxin},
  year = {2017},
  month = dec,
  volume = {299},
  pages = {131--141},
  issn = {0169555X},
  doi = {10.1016/j.geomorph.2017.10.003},
  journal = {Geomorphology},
  keywords = {非常重要},
  language = {en}
}

@article{xuSedimentationRatesLower2003,
  title = {Sedimentation Rates in the Lower {{Yellow River}} over the Past 2300 Years as Influenced by Human Activities and Climate Change},
  author = {Xu, Jiongxin},
  year = {2003},
  month = nov,
  volume = {17},
  pages = {3359--3371},
  issn = {0885-6087, 1099-1085},
  doi = {10.1002/hyp.1392},
  journal = {Hydrological Processes},
  language = {en},
  number = {16}
}

@book{xuStudyDefinitionConcentrated2006,
  title = {{Study on the definition of concentrated sediment source area in the middle reaches of the Yellow River}},
  author = {Xu, Jianhua and Lin, Yinping and Wu, Chengji and Yu, Quangang and Zuo, Zhongguo},
  year = {2006},
  publisher = {{The Yellow River Water Conservancy Press}},
  address = {{Zhengzhou,  China}},
  language = {Chinese}
}

@article{yiHoloceneEnvironmentalHistory2003,
  title = {Holocene Environmental History Inferred from Pollen Assemblages in the {{Huanghe}} ({{Yellow River}}) Delta, {{China}}: Climatic Change and Human Impact},
  shorttitle = {Holocene Environmental History Inferred from Pollen Assemblages in the {{Huanghe}} ({{Yellow River}}) Delta, {{China}}},
  author = {Yi, Sangheon and Saito, Yoshiki and Oshima, Hideaki and Zhou, Yongqing and Wei, Helong},
  year = {2003},
  month = mar,
  volume = {22},
  pages = {609--628},
  issn = {02773791},
  doi = {10.1016/S0277-3791(02)00086-0},
  journal = {Quaternary Science Reviews},
  language = {en},
  number = {5-7}
}

@article{youngAdaptiveGovernanceClimate2006,
  title = {Adaptive {{Governance}} and {{Climate Change}} in the {{Tropical Highlands}} of {{Western South America}}},
  author = {Young, Kenneth R. and Lipton, Jennifer K.},
  year = {2006},
  month = sep,
  volume = {78},
  pages = {63--102},
  issn = {0165-0009, 1573-1480},
  doi = {10.1007/s10584-006-9091-9},
  journal = {Climatic Change},
  language = {en},
  number = {1}
}

@book{yuanFloodAnalysisRisk2016,
  title = {{Flood Analysis and Risk Map Compilation of the Yellow River Flood Control Area in Ningxia}},
  author = {Yuan, Xi Min and Tian, Fu Chang},
  year = {2016},
  publisher = {{China Water \& Power Press}},
  address = {{Beijing, China}},
  language = {Chinese}
}

@article{yuNewDischargeRegime2013,
  title = {New Discharge Regime of the {{Huanghe}} ({{Yellow River}}): {{Causes}} and Implications},
  shorttitle = {New Discharge Regime of the {{Huanghe}} ({{Yellow River}})},
  author = {Yu, Yonggui and Wang, Houjie and Shi, Xuefa and Ran, Xiangbin and Cui, Tingwei and Qiao, Shuqing and Liu, Yanguang},
  year = {2013},
  month = oct,
  volume = {69},
  pages = {62--72},
  issn = {02784343},
  doi = {10.1016/j.csr.2013.09.013},
  journal = {Continental Shelf Research},
  language = {en}
}

@incollection{yuStudyRelationshipYellow1996,
  title = {{Study on the relationship between Yellow River shipping and water and sediment in historical period}},
  booktitle = {{Collection of researches on environmental changes of the Yellow River Basin and laws of water and sediment transportation}},
  author = {Yu, Xixian and Wu, Honglin},
  year = {1996},
  volume = {5},
  pages = {174--198},
  publisher = {{Geological Publishing House}},
  address = {{Beijing, China}},
  language = {Chinese}
}

@article{zhangAMBIORenLeiHuanJingZaZhiZhongWenBanWangZhanZhengShiKaiTong2001,
  title = {{《AMBIO-人类环境杂志》(中文版)网站正式开通}},
  author = {张, 克钰},
  year = {2001},
  pages = {171},
  issn = {1000-3037},
  journal = {自然资源学报},
  language = {中文;},
  number = {02}
}

@article{zhangCriticalThresholdsEcological2018,
  title = {Critical Thresholds in Ecological Restoration to Achieve Optimal Ecosystem Services: {{An}} Analysis Based on Forest Ecosystem Restoration Projects in {{China}}},
  author = {Zhang, Junze and Mengting Luo and Hui Yue and Xiyun Chen and Chong Feng},
  year = {2018},
  volume = {76},
  pages = {675--678},
  issn = {02648377},
  doi = {10.1016/j.landusepol.2018.02.050},
  journal = {Land Use Policy}
}

@article{zhangEvidenceExistenceMedieval1994,
  title = {Evidence for the Existence of the Medieval Warm Period in {{China}}},
  author = {Zhang, De'Er},
  year = {1994},
  month = mar,
  volume = {26},
  pages = {289--297},
  issn = {1573-1480},
  doi = {10.1007/BF01092419},
  journal = {Climatic Change},
  language = {en},
  number = {2}
}

@article{zhangImprovingFoodSecurity2018,
  title = {Improving Food Security in {{China}} by Taking Advantage of Marginal and Degraded Lands},
  author = {Zhang, Junze and He, Chunxiong and Chen, Li and Cao, Shixiong},
  year = {2018},
  volume = {171},
  pages = {1020--1030},
  issn = {09596526},
  doi = {10.1016/j.jclepro.2017.10.110},
  journal = {Journal of Cleaner Production}
}

@article{zhangRiskAnalysisWater2017,
  title = {Risk Analysis of Water Scarcity in Artificial Woodlands of Semi-Arid and Arid {{China}}},
  author = {Zhang, Junze and Ding, Zhaowei and Luo, Mengting},
  year = {2017},
  volume = {63},
  pages = {324--330},
  issn = {02648377},
  doi = {10.1016/j.landusepol.2017.02.008},
  journal = {Land Use Policy}
}

@book{zhangRiverPlainState2016,
  title = {The {{River}}, the {{Plain}}, and the {{State}}: {{An Environmental Drama}} in {{Northern Song China}}, 1048\textendash 1128},
  shorttitle = {The {{River}}, the {{Plain}}, and the {{State}}},
  author = {Zhang, Ling},
  year = {2016},
  month = sep,
  publisher = {{Cambridge University Press}},
  googlebooks = {LFzWDAAAQBAJ},
  isbn = {978-1-107-15598-5},
  language = {en}
}

@article{zhangStructureDisentanglementEffect2019,
  ids = {zhangStructureDisentanglementEffect2019a},
  title = {Structure {{Disentanglement}} and {{Effect Analysis}} of the {{Arid Riverscape Social}}-{{Ecological System Using}} a {{Network Approach}}},
  author = {Zhang, Mengmeng and Wang, Shuai and Fu, Bojie and Wei, Xiaohua and Wang, Cong and Song, Shuang and Wei, Fangli},
  year = {2019},
  volume = {11},
  pages = {1--14},
  publisher = {{MDPI, Open Access Journal}},
  journal = {Sustainability},
  keywords = {basin management,Heihe river,network analysis,social and ecological system matching},
  language = {en},
  number = {19}
}

@article{zhangTransformingFlashFloods2018,
  title = {Transforming Flash Floods into Resources in Arid {{China}}},
  author = {Zhang, Junze and Yu, Zhongqi and Yu, Tengfei and Si, Jianhua and Feng, Qi and Cao, Shixiong},
  year = {2018},
  volume = {76},
  pages = {746--753},
  issn = {02648377},
  doi = {10.1016/j.landusepol.2018.03.002},
  journal = {Land Use Policy}
}

@article{zhaoMultiObjectiveSituationAnalysis2008,
  title = {Multi-{{Objective Situation Analysis}} of {{Water Resources Carrying Capacity}} of {{Yinchuan City}}},
  author = {Zhao, Ya Feng and Wang, Yi Ming and Wang, Yong Jie},
  year = {2008},
  month = sep,
  volume = {29},
  pages = {272--276},
  journal = {Journal of Ningxia University (Natural Science Edition)},
  number = {3}
}

@article{zhengPrecipitationVariabilityExtreme2006,
  title = {Precipitation {{Variability}} and {{Extreme Events}} in {{Eastern China}} during the {{Past}} 1500 {{Years}}},
  author = {Zheng, Jingyun and Wang, Wei-Chyung and Ge, Quansheng and Man, Zhimin and Zhang, Piyuan},
  year = {2006},
  volume = {17},
  pages = {579},
  issn = {1017-0839},
  doi = {10.3319/TAO.2006.17.3.579(A)},
  journal = {Terrestrial, Atmospheric and Oceanic Sciences},
  language = {en},
  number = {3}
}

@article{zhouDecelerationChinaHuman2020,
  title = {Deceleration of {{China}}'s Human Water Use and Its Key Drivers},
  author = {Zhou, Feng and Bo, Yan and Ciais, Philippe and Dumas, Patrice and Tang, Qiuhong and Wang, Xuhui and Liu, Junguo and Zheng, Chunmiao and Polcher, Jan and Yin, Zun and Guimberteau, Matthieu and Peng, Shushi and Ottle, Catherine and Zhao, Xining and Zhao, Jianshi and Tan, Qian and Chen, Lei and Shen, Huizhong and Yang, Hui and Piao, Shilong and Wang, Hao and Wada, Yoshihide},
  year = {2020},
  month = mar,
  pages = {201909902},
  issn = {0027-8424, 1091-6490},
  doi = {10.1073/pnas.1909902117},
  journal = {Proceedings of the National Academy of Sciences},
  keywords = {7 精读-非常重要,china,detection algorithm,water conservation measures,water scarcity,water use,water withdrawal data,非常重要},
  language = {en}
}


