
@article{barnettSustainabilityTransferProject2015,
  title = {Sustainability: {{Transfer}} Project Cannot Meet {{China}}'s Water Needs},
  shorttitle = {Sustainability},
  author = {Barnett, Jon and Rogers, Sarah and Webber, Michael and Finlayson, Brian and Wang, Mark},
  year = {2015},
  month = nov,
  volume = {527},
  pages = {295},
  doi = {10.1038/527295a},
  chapter = {Comment},
  journal = {Nature News},
  keywords = {policy,讨论},
  language = {en},
  number = {7578}
}

@article{bestAnthropogenicStressesWorld2019,
  ids = {bestAnthropogenicStressesWorld2019a},
  title = {Anthropogenic Stresses on the World's Big Rivers},
  author = {Best, Jim},
  year = {2019},
  month = jan,
  volume = {12},
  pages = {7--21},
  issn = {1752-0894, 1752-0908},
  doi = {10.1038/s41561-018-0262-x},
  journal = {Nature Geoscience},
  keywords = {7 精读-非常重要,anthropocene,socio-hydrology,非常重要},
  language = {en},
  number = {1}
}

@article{cummingImplicationsAgriculturalTransitions2014,
  ids = {cummingImplicationsAgriculturalTransitions2014a},
  title = {Implications of Agricultural Transitions and Urbanization for Ecosystem Services},
  author = {Cumming, Graeme S. and Buerkert, Andreas and Hoffmann, Ellen M. and Schlecht, Eva and {von Cramon-Taubadel}, Stephan and Tscharntke, Teja},
  year = {2014},
  month = nov,
  volume = {515},
  pages = {50--57},
  issn = {1476-4687},
  doi = {10.1038/nature13945},
  copyright = {2014 Nature Publishing Group},
  journal = {Nature},
  keywords = {7 精读-非常重要,ecosystem service,green or red loop,resource dependency,social-ecological system,transformation,transition,非常重要},
  language = {en},
  number = {7525}
}

@article{cummingLinkingEconomicGrowth2018,
  title = {Linking Economic Growth Pathways and Environmental Sustainability by Understanding Development as Alternate Social\textendash Ecological Regimes},
  author = {Cumming, Graeme S. and {von Cramon-Taubadel}, Stephan},
  year = {2018},
  month = sep,
  volume = {115},
  pages = {9533--9538},
  issn = {0027-8424, 1091-6490},
  doi = {10.1073/pnas.1807026115},
  journal = {Proceedings of the National Academy of Sciences},
  keywords = {2 摘要引言结论,green or red loop,Human Development Index (HDI),非常重要},
  language = {en},
  number = {38}
}

@article{florkeWaterCompetitionCities2018,
  title = {Water Competition between Cities and Agriculture Driven by Climate Change and Urban Growth},
  author = {Fl{\"o}rke, Martina and Schneider, Christof and McDonald, Robert I.},
  year = {2018},
  month = jan,
  volume = {1},
  pages = {51--58},
  publisher = {{Nature Publishing Group}},
  issn = {2398-9629},
  doi = {10.1038/s41893-017-0006-8},
  copyright = {2017 \textcopyright{} The Author(s) 2018, under exclusive licence to Macmillan Publishers Limited, part of Springer Nature},
  journal = {Nature Sustainability},
  keywords = {water lopsidedness,water tendentiousness,引言},
  language = {en},
  number = {1}
}

@article{gleesonIlluminatingWaterCycle2020,
  title = {Illuminating Water Cycle Modifications and {{Earth}} System Resilience in the {{Anthropocene}}},
  author = {Gleeson, Tom and Wang-Erlandsson, Lan and Porkka, Miina and Zipper, Samuel C. and Jaramillo, Fernando and Gerten, Dieter and Fetzer, Ingo and Cornell, Sarah E. and Piemontese, Luigi and Gordon, Line J. and Rockstr{\"o}m, Johan and Oki, Taikan and Sivapalan, Murugesu and Wada, Yoshihide and Brauman, Kate A. and Fl{\"o}rke, Martina and Bierkens, Marc F. P. and Lehner, Bernhard and Keys, Patrick and Kummu, Matti and Wagener, Thorsten and Dadson, Simon and Troy, Tara J. and Steffen, Will and Falkenmark, Malin and Famiglietti, James S.},
  year = {2020},
  month = apr,
  volume = {56},
  issn = {0043-1397, 1944-7973},
  doi = {10.1029/2019WR024957},
  journal = {Water Resources Research},
  keywords = {2 摘要引言结论,anthropocene,earth system science,freshwater,planet boundary,regime shift,resilience,water cycle,非常重要},
  language = {en},
  number = {4}
}

@article{graftonParadoxIrrigationEfficiency2018,
  title = {The Paradox of Irrigation Efficiency},
  author = {Grafton, R. Q. and Williams, J. and Perry, C. J. and Molle, F. and Ringler, C. and Steduto, P. and Udall, B. and Wheeler, S. A. and Wang, Y. and Garrick, D. and Allen, R. G.},
  year = {2018},
  month = aug,
  volume = {361},
  pages = {748--750},
  publisher = {{American Association for the Advancement of Science}},
  issn = {0036-8075, 1095-9203},
  doi = {10.1126/science.aat9314},
  chapter = {Policy Forum},
  copyright = {Copyright \textcopyright{} 2018, American Association for the Advancement of Science. http://www.sciencemag.org/about/science-licenses-journal-article-reuseThis is an article distributed under the terms of the Science Journals Default License.},
  journal = {Science},
  keywords = {7 精读-非常重要,efficiency,irrigation,water demand,非常重要},
  language = {en},
  number = {6404},
  pmid = {30139857}
}

@article{greveGlobalAssessmentWater2018a,
  title = {Global Assessment of Water Challenges under Uncertainty in Water Scarcity Projections},
  author = {Greve, P. and Kahil, T. and Mochizuki, J. and Schinko, T. and Satoh, Y. and Burek, P. and Fischer, G. and Tramberend, S. and Burtscher, R. and Langan, S. and Wada, Y.},
  year = {2018},
  month = sep,
  volume = {1},
  pages = {486--494},
  publisher = {{Nature Publishing Group}},
  issn = {2398-9629},
  doi = {10.1038/s41893-018-0134-9},
  copyright = {2018 The Author(s), under exclusive licence to Springer Nature Limited},
  journal = {Nature Sustainability},
  keywords = {water stress,引言},
  language = {en},
  number = {9}
}

@techreport{hugginsSocialecologicalDimensionsChanging2020,
  title = {The Social-Ecological Dimensions of Changing Global Freshwater Availability},
  author = {Huggins, Xander and Gleeson, Tom and Kummu, Matti and Zipper, Samuel C and Troy, Tara and Wada, Yoshihide and Famiglietti, Jay},
  year = {2020},
  month = jun,
  institution = {{EarthArXiv}},
  doi = {10.31223/osf.io/j97ud},
  keywords = {3 探索,7 精读-非常重要,global,GRACE,water scarcity,water security,本周读,非常重要},
  language = {en},
  type = {Preprint}
}

@article{liuWaterScarcityAssessments2017,
  title = {Water Scarcity Assessments in the Past, Present, and Future},
  author = {Liu, Junguo and Yang, Hong and Gosling, Simon N. and Kummu, Matti and Fl{\"o}rke, Martina and Pfister, Stephan and Hanasaki, Naota and Wada, Yoshihide and Zhang, Xinxin and Zheng, Chunmiao and Alcamo, Joseph and Oki, Taikan},
  year = {2017},
  volume = {5},
  pages = {545--559},
  issn = {2328-4277},
  doi = {10.1002/2016EF000518},
  journal = {Earth's Future},
  keywords = {water lopsidedness,water tendentiousness,引言},
  language = {en},
  number = {6}
}

@misc{marcMarcharperPythonternary2020,
  title = {Marcharper/Python-Ternary},
  author = {Marc},
  year = {2020},
  month = jul,
  copyright = {MIT License         ,                 MIT License}
}

@article{obrienExaminingWaterUse2016,
  title = {Examining {{Water Use Regimes}} of {{Suburban Watersheds}} at {{Annual}} and {{Subannual Timescales}}},
  author = {O'Brien, Patrick and Douglas, Ellen M. and Schaaf, Crystal},
  year = {2016},
  month = jan,
  volume = {21},
  pages = {05015012},
  publisher = {{American Society of Civil Engineers}},
  issn = {1943-5584},
  doi = {10.1061/(ASCE)HE.1943-5584.0001265},
  copyright = {\textcopyright{} 2015 American Society of Civil Engineers},
  journal = {Journal of Hydrologic Engineering},
  keywords = {引言},
  language = {EN},
  number = {1}
}

@article{okiGlobalHydrologicalCycles2006,
  title = {Global {{Hydrological Cycles}} and {{World Water Resources}}},
  author = {Oki, Taikan and Kanae, Shinjiro},
  year = {2006},
  month = aug,
  volume = {313},
  pages = {1068--1072},
  publisher = {{American Association for the Advancement of Science}},
  issn = {0036-8075, 1095-9203},
  doi = {10.1126/science.1128845},
  chapter = {Special Reviews},
  copyright = {American Association for the Advancement of Science},
  journal = {Science},
  keywords = {water pattern,water stress,引言},
  language = {en},
  number = {5790},
  pmid = {16931749}
}

@article{postelHumanAppropriationRenewable1996,
  title = {Human {{Appropriation}} of {{Renewable Fresh Water}}},
  author = {Postel, Sandra L. and Daily, Gretchen C. and Ehrlich, Paul R.},
  year = {1996},
  month = feb,
  volume = {271},
  pages = {785--788},
  publisher = {{American Association for the Advancement of Science}},
  issn = {0036-8075, 1095-9203},
  doi = {10.1126/science.271.5250.785},
  chapter = {Reports},
  copyright = {\textcopyright{} 1996 American Association for the Advancement of Science},
  journal = {Science},
  keywords = {reservior,water stress,引言},
  language = {en},
  number = {5250}
}

@article{qinFlexibilityIntensityGlobal2019,
  title = {Flexibility and Intensity of Global Water Use},
  author = {Qin, Yue and Mueller, Nathaniel D. and Siebert, Stefan and Jackson, Robert B. and AghaKouchak, Amir and Zimmerman, Julie B. and Tong, Dan and Hong, Chaopeng and Davis, Steven J.},
  year = {2019},
  month = jun,
  volume = {2},
  pages = {515--523},
  publisher = {{Nature Publishing Group}},
  issn = {2398-9629},
  doi = {10.1038/s41893-019-0294-2},
  copyright = {2019 The Author(s), under exclusive licence to Springer Nature Limited},
  journal = {Nature Sustainability},
  keywords = {3 探索,7 精读-非常重要,index,method,water scarcity,water security,water use,非常重要},
  language = {en},
  number = {6}
}

@article{sivapalanSociohydrologyUseinspiredWater2014,
  title = {Socio-Hydrology: {{Use}}-Inspired Water Sustainability Science for the {{Anthropocene}}},
  shorttitle = {Socio-Hydrology},
  author = {Sivapalan, M. and Konar, M. and Srinivasan, V. and Chhatre, A. and Wutich, A. and Scott, C. A. and Wescoat, J. L. and Rodr{\'i}guez-Iturbe, I.},
  year = {2014},
  volume = {2},
  pages = {225--230},
  issn = {2328-4277},
  doi = {10.1002/2013EF000164},
  copyright = {\textcopyright{} 2014 The Authors.},
  journal = {Earth's Future},
  language = {en},
  number = {4}
}

@article{veldkampWaterScarcityHotspots2017,
  title = {Water Scarcity Hotspots Travel Downstream Due to Human Interventions in the 20th and 21st Century},
  author = {Veldkamp, T.I.E. and Wada, Y. and Aerts, J.C.J.H. and D{\"o}ll, P. and Gosling, S. N. and Liu, J. and Masaki, Y. and Oki, T. and Ostberg, S. and Pokhrel, Y. and Satoh, Y. and Kim, H. and Ward, P. J.},
  year = {2017},
  month = aug,
  volume = {8},
  pages = {15697},
  issn = {2041-1723},
  doi = {10.1038/ncomms15697},
  journal = {Nature Communications},
  keywords = {water pattern,引言},
  language = {en},
  number = {1}
}

@article{wadaWedgeApproachWater2014,
  ids = {wadaWedgeApproachWater2014a},
  title = {Wedge Approach to Water Stress},
  author = {Wada, Yoshihide and Gleeson, Tom and Esnault, Laurent},
  year = {2014},
  month = sep,
  volume = {7},
  pages = {615--617},
  publisher = {{Nature Publishing Group}},
  issn = {1752-0908},
  doi = {10.1038/ngeo2241},
  copyright = {2014 Nature Publishing Group, a division of Macmillan Publishers Limited. All Rights Reserved.},
  journal = {Nature Geoscience},
  keywords = {water pattern,引言},
  language = {en},
  number = {9}
}

@misc{WaterRegimeICPDR,
  title = {Water {{Regime}} | {{ICPDR}} - {{International Commission}} for the {{Protection}} of the {{Danube River}}},
  howpublished = {https://www.icpdr.org/main/issues/water-regime}
}

@article{weiskelWaterUseRegimes2007,
  title = {Water Use Regimes: {{Characterizing}} Direct Human Interaction with Hydrologic Systems},
  shorttitle = {Water Use Regimes},
  author = {Weiskel, Peter K. and Vogel, Richard M. and Steeves, Peter A. and Zarriello, Philip J. and DeSimone, Leslie A. and Ries, Kernell G.},
  year = {2007},
  volume = {43},
  issn = {1944-7973},
  doi = {10.1029/2006WR005062},
  journal = {Water Resources Research},
  keywords = {water use regime,重要},
  language = {en},
  number = {4}
}

@misc{xinhuashe2020-06-23GuoXinBanGongBu61GeChongDaGuoJiaZhanLueChangYongGuanJianCiYingWenFanYi,
  title = {国新办公布61个重大国家战略常用关键词英文翻译},
  author = {{新华社2020-06-23}},
  howpublished = {http://mp.weixin.qq.com/s?\_\_biz=MzU0Njg4NDQ0NQ==\&mid=2247484229\&idx=1\&sn=5a8c389d81c829e6b1dfd665dbc19215\&chksm=fb579d77cc20146162ce16e90d19a1556e5547fec11f73bcf760ed69cd8820fa98a62560601d\#rd},
  journal = {微信公众平台},
  keywords = {重要}
}

@article{zhouDecelerationChinaHuman2020,
  title = {Deceleration of {{China}}'s Human Water Use and Its Key Drivers},
  author = {Zhou, Feng and Bo, Yan and Ciais, Philippe and Dumas, Patrice and Tang, Qiuhong and Wang, Xuhui and Liu, Junguo and Zheng, Chunmiao and Polcher, Jan and Yin, Zun and Guimberteau, Matthieu and Peng, Shushi and Ottle, Catherine and Zhao, Xining and Zhao, Jianshi and Tan, Qian and Chen, Lei and Shen, Huizhong and Yang, Hui and Piao, Shilong and Wang, Hao and Wada, Yoshihide},
  year = {2020},
  month = mar,
  pages = {201909902},
  issn = {0027-8424, 1091-6490},
  doi = {10.1073/pnas.1909902117},
  journal = {Proceedings of the National Academy of Sciences},
  keywords = {7 精读-非常重要,china,detection algorithm,water conservation measures,water scarcity,water use,water withdrawal data,非常重要},
  language = {en}
}


