@Article{Hunter:2007,
  Author    = {Hunter, J. D.},
  Title     = {Matplotlib: A 2D graphics environment},
  Journal   = {Computing in Science \& Engineering},
  Volume    = {9},
  Number    = {3},
  Pages     = {90--95},
  abstract  = {Matplotlib is a 2D graphics package used for Python for
  application development, interactive scripting, and publication-quality
  image generation across user interfaces and operating systems [software].},
  publisher = {IEEE COMPUTER SOC},
  doi       = {10.1109/MCSE.2007.55},
  year      = 2007
}

@article{pythonternary,
  title={python-ternary: Ternary Plots in Python [software]},
  author={Marc Harper},
  year={2015},
  journal={Zenodo 10.5281/zenodo.594435},
  doi={10.5281/zenodo.594435},
  url={https://github.com/marcharper/python-ternary},
}

@article{shuang_song_2023_7955500,
  author={Shuang Song},
  journal={Zenodo},
  title={Yellow River Water Governance data [Dataset]},
  year={2023},
  doi={10.5281/zenodo.7955500},
  url={https://doi.org/10.5281/zenodo.7955500},
}
