

@article{gleeson2020a,
  author =        {Gleeson, Tom and Wang-Erlandsson, Lan and
                   Porkka, Miina and Zipper, Samuel C. and
                   Jaramillo, Fernando and Gerten, Dieter and
                   Fetzer, Ingo and Cornell, Sarah E. and
                   Piemontese, Luigi and Gordon, Line J. and
                   Rockstr{\"o}m, Johan and Oki, Taikan and
                   Sivapalan, Murugesu and Wada, Yoshihide and
                   Brauman, Kate A. and Fl{\"o}rke, Martina and
                   Bierkens, Marc F. P. and Lehner, Bernhard and
                   Keys, Patrick and Kummu, Matti and Wagener, Thorsten and
                   Dadson, Simon and Troy, Tara J. and Steffen, Will and
                   Falkenmark, Malin and Famiglietti, James S.},
  journal =       {Water Resources Research},
  month =         apr,
  number =        {4},
  title =         {Illuminating Water Cycle Modifications and {{Earth}}
                   System Resilience in the {{Anthropocene}}},
  volume =        {56},
  year =          {2020},
  doi =           {10.1029/2019WR024957},
  issn =          {0043-1397, 1944-7973},
}

@article{gleeson2020b,
  author =        {Gleeson, Tom and {Wang-Erlandsson}, Lan and
                   Zipper, Samuel C. and Porkka, Miina and
                   Jaramillo, Fernando and Gerten, Dieter and
                   Fetzer, Ingo and Cornell, Sarah E. and
                   Piemontese, Luigi and Gordon, Line J. and
                   Rockstr{\"o}m, Johan and Oki, Taikan and
                   Sivapalan, Murugesu and Wada, Yoshihide and
                   Brauman, Kate A. and Fl{\"o}rke, Martina and
                   Bierkens, Marc F. P. and Lehner, Bernhard and
                   Keys, Patrick and Kummu, Matti and Wagener, Thorsten and
                   Dadson, Simon and Troy, Tara J. and Steffen, Will and
                   Falkenmark, Malin and Famiglietti, James S.},
  journal =       {One Earth},
  month =         mar,
  number =        {3},
  pages =         {223--234},
  title =         {The {{Water Planetary Boundary}}: {{Interrogation}}
                   and {{Revision}}},
  volume =        {2},
  year =          {2020},
  doi =           {10.1016/j.oneear.2020.02.009},
  issn =          {2590-3322},
}

@article{ahlstrom2021,
  author =        {Ahlstr{\"o}m, Hanna and Hileman, Jacob and
                   {Wang-Erlandsson}, Lan and
                   Garc{\'i}a, Mar{\'i}a Mancilla and Moore, Michele-Lee and
                   Jonas, Krisztina and Pranindita, Agnes and
                   Kuiper, Jan J. and Fetzer, Ingo and
                   Jaramillo, Fernando and Svedin, Uno},
  journal =       {Earth System Governance},
  month =         dec,
  pages =         {100120},
  title =         {An {{Earth}} System Law Perspective on Governing
                   Social-Hydrological Systems in the {{Anthropocene}}},
  volume =        {10},
  year =          {2021},
  doi =           {10.1016/j.esg.2021.100120},
  issn =          {2589-8116},
}

@article{biermann2012,
  author =        {Biermann, F. and Abbott, K. and Andresen, S. and
                   B{\"a}ckstrand, K. and Bernstein, S. and
                   Betsill, M. M. and Bulkeley, H. and Cashore, B. and
                   Clapp, J. and Folke, C. and Gupta, A. and Gupta, J. and
                   Haas, P. M. and Jordan, A. and Kanie, N. and
                   {Kluv{\'a}nkov{\'a}-Oravsk{\'a}}, T. and Lebel, L. and
                   Liverman, D. and Meadowcroft, J. and Mitchell, R. B. and
                   Newell, P. and Oberth{\"u}r, S. and Olsson, L. and
                   Pattberg, P. and {S{\'a}nchez-Rodr{\'i}guez}, R. and
                   Schroeder, H. and Underdal, A. and Vieira, S. Camargo and
                   Vogel, C. and Young, O. R. and Brock, A. and
                   Zondervan, R.},
  chapter =       {Policy Forum},
  journal =       {Science},
  month =         mar,
  number =        {6074},
  pages =         {1306--1307},
  publisher =     {{American Association for the Advancement of
                   Science}},
  title =         {Navigating the {{Anthropocene}}: {{Improving Earth
                   System Governance}}},
  volume =        {335},
  year =          {2012},
  doi =           {10.1126/science.1217255},
  issn =          {0036-8075, 1095-9203},
}

@article{steffen2020,
  author =        {Steffen, Will and Richardson, Katherine and
                   Rockstr{\"o}m, Johan and Schellnhuber, Hans Joachim and
                   Dube, Opha Pauline and Dutreuil, S{\'e}bastien and
                   Lenton, Timothy M. and Lubchenco, Jane},
  journal =       {Nature Reviews Earth \& Environment},
  month =         jan,
  number =        {1},
  pages =         {54--63},
  title =         {The Emergence and Evolution of {{Earth System
                   Science}}},
  volume =        {1},
  year =          {2020},
  doi =           {10.1038/s43017-019-0005-6},
  issn =          {2662-138X},
}

@article{sivapalan2012,
  author =        {Sivapalan, Murugesu and Savenije, Hubert H. G. and
                   Bl{\"o}schl, G{\"u}nter},
  journal =       {Hydrological Processes},
  month =         apr,
  number =        {8},
  pages =         {1270--1276},
  title =         {Socio-Hydrology: {{A}} New Science of People and
                   Water: {{INVITED COMMENTARY}}},
  volume =        {26},
  year =          {2012},
  doi =           {10.1002/hyp.8426},
  issn =          {08856087},
}

@article{qin2014a,
  author =        {Qin, Dayong and Lu, Chuiyu and Liu, Jiahong and
                   Wang, Hao and Wang, Jianhua and Li, Haihong and
                   Chu, Junyin and Chen, Genfa},
  journal =       {Chinese Science Bulletin},
  month =         mar,
  number =        {8},
  pages =         {810--820},
  title =         {Theoretical Framework of Dualistic Nature\textendash
                   Social Water Cycle},
  volume =        {59},
  year =          {2014},
  doi =           {10.1007/s11434-013-0096-2},
  issn =          {1861-9541},
}

@article{abbott2019,
  author =        {Abbott, Benjamin W. and Bishop, Kevin and
                   Zarnetske, Jay P. and Hannah, David M. and
                   Frei, Rebecca J. and Minaudo, Camille and
                   Chapin, F.Stuart and Krause, Stefan and Conner, Lafe and
                   Ellison, David and Godsey, Sarah E. and
                   Plont, Stephen and Mar{\c c}ais, Jean and
                   Kolbe, Tamara and Huebner, Amanda and Hampton, Tyler and
                   Gu, Sen and Buhman, Madeline and Sayedi, Sayedeh Sara and
                   Ursache, Ovidiu and Chapin, Melissa and
                   Henderson, Kathryn D. and Pinay, Gilles},
  journal =       {Hydrological Processes},
  month =         nov,
  number =        {23},
  pages =         {3046--3052},
  title =         {A Water Cycle for the {{Anthropocene}}},
  volume =        {33},
  year =          {2019},
  doi =           {10.1002/hyp.13544},
  issn =          {0885-6087, 1099-1085},
}

@article{best2019,
  author =        {Best, Jim},
  journal =       {Nature Geoscience},
  month =         jan,
  number =        {1},
  pages =         {7--21},
  title =         {Anthropogenic Stresses on the World's Big Rivers},
  volume =        {12},
  year =          {2019},
  doi =           {10.1038/s41561-018-0262-x},
  issn =          {1752-0894, 1752-0908},
}

@article{dibaldassarre2019,
  author =        {Di Baldassarre, Giuliano and Sivapalan, Murugesu and
                   Rusca, Maria and Cudennec, Christophe and
                   Garcia, Margaret and Kreibich, Heidi and Konar, Megan and
                   Mondino, Elena and M{\aa}rd, Johanna and Pande, Saket and
                   Sanderson, Matthew R. and Tian, Fuqiang and
                   Viglione, Alberto and Wei, Jing and Wei, Yongping and
                   Yu, David J. and Srinivasan, Veena and
                   Bl{\"o}schl, G{\"u}nter},
  journal =       {Water Resources Research},
  month =         aug,
  number =        {8},
  pages =         {6327--6355},
  title =         {Sociohydrology: {{Scientific Challenges}} in
                   {{Addressing}} the {{Sustainable Development Goals}}},
  volume =        {55},
  year =          {2019},
  doi =           {10.1029/2018WR023901},
  issn =          {0043-1397, 1944-7973},
}

@book{lasswell2018,
  author =        {Lasswell, Harold D.},
  month =         dec,
  publisher =     {{Pickle Partners Publishing}},
  title =         {Politics: {{Who Gets What}}, {{When}}, {{How}}},
  year =          {2018},
  isbn =          {978-1-78912-557-3},
}

@book{allan2001,
  author =        {Allan, Tony},
  publisher =     {{I.B. Tauris \& Co. Ltd.}},
  title =         {The {{Middle East Water Question}}: {{Hydropolitics}}
                   and the {{Global Economy}}},
  year =          {2001},
  doi =           {10.5040/9780755611942},
  isbn =          {978-1-86064-582-2 978-0-7556-1194-2},
}

@book{mariajacobson2013,
  author =        {{Maria Jacobson} and {Fiona Meyer} and {Ingvild Oia} and
                   {Paavani Reddy} and {H\aa kan Tropp}},
  month =         jan,
  publisher =     {{United Nations Development Programme}},
  title =         {User's Guide on Assessing Water Governance},
  year =          {2013},
}

@techreport{oecd2018a,
  address =       {{Paris}},
  author =        {OECD},
  institution =   {{OECD}},
  month =         mar,
  pages =         {49--105},
  title =         {{{OECD Water Governance Indicator Framework}}},
  year =          {2018},
  doi =           {10.1787/9789264292659-5-en},
}

@article{varis2019,
  author =        {Varis, Olli and Taka, Maija and Kummu, Matti},
  journal =       {Earth's Future},
  month =         oct,
  number =        {10},
  pages =         {1118--1135},
  title =         {The {{Planet}}'s {{Stressed River Basins}}: {{Too
                   Much Pressure}} or {{Too Little Adaptive Capacity}}?},
  volume =        {7},
  year =          {2019},
  doi =           {10.1029/2019EF001239},
  issn =          {2328-4277, 2328-4277},
}

@article{huggins2022a,
  author =        {Huggins, Xander and Gleeson, Tom and Kummu, Matti and
                   Zipper, Samuel C. and Wada, Yoshihide and
                   Troy, Tara J. and Famiglietti, James S.},
  journal =       {Nature Communications},
  month =         dec,
  number =        {1},
  pages =         {439},
  title =         {Hotspots for Social and Ecological Impacts from
                   Freshwater Stress and Storage Loss},
  volume =        {13},
  year =          {2022},
  doi =           {10.1038/s41467-022-28029-w},
  issn =          {2041-1723},
}

@article{gleick1996,
  author =        {Gleick, Peter H.},
  journal =       {Water International},
  month =         jun,
  number =        {2},
  pages =         {83--92},
  publisher =     {{Routledge}},
  title =         {Basic {{Water Requirements}} for {{Human
                   Activities}}: {{Meeting Basic Needs}}},
  volume =        {21},
  year =          {1996},
  doi =           {10.1080/02508069608686494},
  issn =          {0250-8060},
}

@article{damkjaer2017,
  author =        {Damkjaer, Simon and Taylor, Richard},
  journal =       {Ambio},
  month =         sep,
  number =        {5},
  pages =         {513--531},
  title =         {The Measurement of Water Scarcity: {{Defining}} a
                   Meaningful Indicator},
  volume =        {46},
  year =          {2017},
  doi =           {10.1007/s13280-017-0912-z},
  issn =          {1654-7209},
}

@article{qin2019,
  author =        {Qin, Yue and Mueller, Nathaniel D. and
                   Siebert, Stefan and Jackson, Robert B. and
                   AghaKouchak, Amir and Zimmerman, Julie B. and
                   Tong, Dan and Hong, Chaopeng and Davis, Steven J.},
  journal =       {Nature Sustainability},
  month =         jun,
  number =        {6},
  pages =         {515--523},
  title =         {Flexibility and Intensity of Global Water Use},
  volume =        {2},
  year =          {2019},
  doi =           {10.1038/s41893-019-0294-2},
  issn =          {2398-9629},
}

@article{wada2014,
  author =        {Wada, Yoshihide and Gleeson, Tom and
                   Esnault, Laurent},
  journal =       {Nature Geoscience},
  month =         sep,
  number =        {9},
  pages =         {615--617},
  publisher =     {{Nature Publishing Group}},
  title =         {Wedge Approach to Water Stress},
  volume =        {7},
  year =          {2014},
  doi =           {10.1038/ngeo2241},
  issn =          {1752-0908},
}

@article{huang2021,
  author =        {Huang, Zhongwei and Yuan, Xing and Liu, Xingcai},
  journal =       {Journal of Hydrology},
  month =         oct,
  pages =         {126658},
  title =         {The Key Drivers for the Changes in Global Water
                   Scarcity: {{Water}} Withdrawal versus Water
                   Availability},
  volume =        {601},
  year =          {2021},
  doi =           {10.1016/j.jhydrol.2021.126658},
  issn =          {0022-1694},
}

@article{liu2017,
  author =        {Liu, Junguo and Yang, Hong and Gosling, Simon N. and
                   Kummu, Matti and Fl{\"o}rke, Martina and
                   Pfister, Stephan and Hanasaki, Naota and
                   Wada, Yoshihide and Zhang, Xinxin and Zheng, Chunmiao and
                   Alcamo, Joseph and Oki, Taikan},
  journal =       {Earth's Future},
  number =        {6},
  pages =         {545--559},
  title =         {Water Scarcity Assessments in the Past, Present, and
                   Future},
  volume =        {5},
  year =          {2017},
  doi =           {10.1002/2016EF000518},
  issn =          {2328-4277},
}

@article{florke2018,
  author =        {Fl{\"o}rke, Martina and Schneider, Christof and
                   McDonald, Robert I.},
  journal =       {Nature Sustainability},
  month =         jan,
  number =        {1},
  pages =         {51--58},
  publisher =     {{Nature Publishing Group}},
  title =         {Water Competition between Cities and Agriculture
                   Driven by Climate Change and Urban Growth},
  volume =        {1},
  year =          {2018},
  doi =           {10.1038/s41893-017-0006-8},
  issn =          {2398-9629},
}

@article{jaeger2019,
  author =        {Jaeger, William K. and Amos, Adell and
                   Conklin, David R. and Langpap, Christian and
                   Moore, Kathleen and Plantinga, Andrew J.},
  journal =       {Nature Sustainability},
  month =         aug,
  number =        {8},
  pages =         {710--717},
  title =         {Scope and Limitations of Drought Management within
                   Complex Human-Natural Systems},
  volume =        {2},
  year =          {2019},
  doi =           {10.1038/s41893-019-0326-y},
  issn =          {2398-9629},
}

@incollection{schmandt2021,
  address =       {{Cambridge}},
  author =        {Schmandt, Jurgen and Kibaroglu, Ayseg{\"u}l},
  booktitle =     {Sustainability of {{Engineered Rivers In Arid
                   Lands}}: {{Challenge}} and {{Response}}},
  editor =        {Kibaroglu, Ayseg{\"u}l and Schmandt, Jurgen},
  pages =         {260--270},
  publisher =     {{Cambridge University Press}},
  title =         {Better {{Basin Management}} with {{Stakeholder
                   Participation}}},
  year =          {2021},
  doi =           {10.1017/9781108261142.018},
  isbn =          {978-1-108-41703-7},
}

@book{speed2013,
  address =       {{Metro Manila, Philippines}},
  author =        {Speed, Robert and {Asian Development Bank}},
  publisher =     {{Asian Development Bank, GIWP, UNESCO, and WWF-UK}},
  title =         {Basin Water Allocation Planning: Principles,
                   Procedures, and Approaches for Basin Allocation
                   Planning},
  year =          {2013},
  isbn =          {978-92-3-001158-1},
}

@techreport{kjellen2015,
  author =        {Kjell{\'e}n, Dr Marianne and Tropp, Dr H{\aa}kan and
                   Jim{\'e}nez, Dr Alejandro},
  institution =   {{Water Governance Facility}},
  pages =         {8},
  title =         {Water Governance in Perspective: {{Water Governance
                   Facility}} 10 Years 2005-2015},
  year =          {2015},
}

@article{grafton2013,
  author =        {Grafton, R. Quentin and Pittock, Jamie and
                   Davis, Richard and Williams, John and Fu, Guobin and
                   Warburton, Michele and Udall, Bradley and
                   McKenzie, Ronnie and Yu, Xiubo and Che, Nhu and
                   Connell, Daniel and Jiang, Qiang and Kompas, Tom and
                   Lynch, Amanda and Norris, Richard and
                   Possingham, Hugh and Quiggin, John},
  journal =       {Nature Climate Change},
  month =         apr,
  number =        {4},
  pages =         {315--321},
  publisher =     {{Nature Publishing Group}},
  title =         {Global Insights into Water Resources, Climate Change
                   and Governance},
  volume =        {3},
  year =          {2013},
  doi =           {10.1038/nclimate1746},
  issn =          {1758-6798},
}

@article{falkenmark2021,
  author =        {Falkenmark, Malin and {Wang-Erlandsson}, Lan},
  journal =       {One Earth},
  month =         feb,
  number =        {2},
  pages =         {213--225},
  title =         {A Water-Function-Based Framework for Understanding
                   and Governing Water Resilience in the
                   {{Anthropocene}}},
  volume =        {4},
  year =          {2021},
  doi =           {10.1016/j.oneear.2021.01.009},
  issn =          {25903322},
}

@article{bressers2013,
  author =        {Bressers, Hans and Kuks, Stefan},
  journal =       {International Journal of Water Governance},
  month =         jan,
  number =        {1},
  pages =         {133--156},
  title =         {Water Governance Regimes: {{Dimensions}} and
                   Dynamics},
  volume =        {1},
  year =          {2013},
  doi =           {10.7564/12-IJWG1},
  issn =          {2211-4491, 2211-4505},
}

@article{loch2020,
  author =        {Loch, A. and Adamson, D. and Dumbrell, N. P.},
  journal =       {Water Resources Research},
  number =        {5},
  pages =         {e2019WR026714},
  title =         {The {{Fifth Stage}} in {{Water Management}}: {{Policy
                   Lessons}} for {{Water Governance}}},
  volume =        {56},
  year =          {2020},
  doi =           {10.1029/2019WR026714},
  issn =          {1944-7973},
}

@article{pahl-wostl2007,
  author =        {{Pahl-Wostl}, Claudia},
  journal =       {Water Resources Management},
  month =         jan,
  number =        {1},
  pages =         {49--62},
  publisher =     {{Kluwer Academic Publishers}},
  title =         {Transitions towards Adaptive Management of Water
                   Facing Climate and Global Change},
  volume =        {21},
  year =          {2007},
  doi =           {10.1007/s11269-006-9040-4},
  issn =          {1573-1650},
}

@book{mostern2021,
  address =       {{New Haven}},
  author =        {Mostern, Ruth and Horne, Ryan M.},
  publisher =     {{Yale University Press}},
  series =        {Yale Agrarian Studies Series},
  title =         {The {{Yellow River}}: A Natural and Unnatural
                   History},
  year =          {2021},
  isbn =          {978-0-300-23833-4},
}

@article{wang2016a,
  author =        {Wang, Shuai and Fu, Bojie and Piao, Shilong and
                   L{\"u}, Yihe and Ciais, Philippe and Feng, Xiaoming and
                   Wang, Yafeng},
  journal =       {Nature Geoscience},
  month =         jan,
  number =        {1},
  pages =         {38--41},
  title =         {Reduced Sediment Transport in the {{Yellow River}}
                   Due to Anthropogenic Changes},
  volume =        {9},
  year =          {2016},
  doi =           {10.1038/ngeo2602},
  issn =          {1752-0894, 1752-0908},
}

@article{song2020,
  address =       {{Dordrecht}},
  author =        {Song, Shuang and Wang, Shuai and Fu, Bojie and
                   Liu, Yanxu and Wang, Kevin and Li, Yikai and
                   Wang, Yaping},
  journal =       {Ambio},
  month =         dec,
  number =        {12},
  pages =         {2015--2025},
  publisher =     {{Springer}},
  title =         {Sediment Transport under Increasing Anthropogenic
                   Stress: {{Regime}} Shifts within the {{Yellow
                   River}}, {{China}}},
  volume =        {49},
  year =          {2020},
  doi =           {10.1007/s13280-020-01350-8},
  issn =          {0044-7447},
}

@article{wang2019c,
  author =        {Wang, Shuai and Fu, Bojie and Bodin, Orjan and
                   Liu, Jianguo and Zhang, Mengmeng and Li, Xiaoyan},
  journal =       {Science Bulletin},
  month =         sep,
  number =        {18},
  pages =         {1318--1324},
  title =         {Alignment of Social and Ecological Structures
                   Increased the Ability of River Management},
  volume =        {64},
  year =          {2019},
  doi =           {10.1016/j.scib.2019.07.016},
  issn =          {2095-9273},
}

@article{wohlfart2016,
  author =        {Wohlfart, Christian and Kuenzer, Claudia and
                   Chen, Cui and Liu, Gaohuan},
  journal =       {Environmental Earth Sciences},
  month =         jul,
  number =        {13},
  pages =         {1066},
  title =         {Social-Ecological Challenges in the {{Yellow River}}
                   Basin ({{China}}): A Review},
  volume =        {75},
  year =          {2016},
  doi =           {10.1007/s12665-016-5864-2},
  issn =          {1866-6280},
}

@incollection{nickum2021,
  address =       {{Cambridge}},
  author =        {Nickum, James E. and Shaofeng, Jia},
  booktitle =     {Sustainability of {{Engineered Rivers In Arid
                   Lands}}: {{Challenge}} and {{Response}}},
  editor =        {Kibaroglu, Ayseg{\"u}l and Schmandt, Jurgen},
  pages =         {107--120},
  publisher =     {{Cambridge University Press}},
  title =         {The {{Yellow River Basin}}},
  year =          {2021},
  doi =           {10.1017/9781108261142.009},
  isbn =          {978-1-108-41703-7},
}

@article{pettitt1979,
  author =        {Pettitt, A. N.},
  journal =       {Journal of the Royal Statistical Society. Series C
                   (Applied Statistics)},
  number =        {2},
  pages =         {126--135},
  title =         {A {{Non-Parametric Approach}} to the {{Change-Point
                   Problem}}},
  volume =        {28},
  year =          {1979},
  doi =           {10.2307/2346729},
  issn =          {0035-9254},
}

@article{zhou2020,
  author =        {Zhou, Feng and Bo, Yan and Ciais, Philippe and
                   Dumas, Patrice and Tang, Qiuhong and Wang, Xuhui and
                   Liu, Junguo and Zheng, Chunmiao and Polcher, Jan and
                   Yin, Zun and Guimberteau, Matthieu and Peng, Shushi and
                   Ottle, Catherine and Zhao, Xining and Zhao, Jianshi and
                   Tan, Qian and Chen, Lei and Shen, Huizhong and
                   Yang, Hui and Piao, Shilong and Wang, Hao and
                   Wada, Yoshihide},
  journal =       {Proceedings of the National Academy of Sciences},
  month =         mar,
  number =        {14},
  pages =         {7702--7711},
  title =         {Deceleration of {{China}}'s Human Water Use and Its
                   Key Drivers},
  volume =        {117},
  year =          {2020},
  doi =           {10.1073/pnas.1909902117},
  issn =          {0027-8424, 1091-6490},
}

@book{yellowriverwaterconservancycommission2010,
  address =       {{Zhengzhou, Henan}},
  author =        {{Yellow River Water Conservancy Commission}},
  publisher =     {{Yellow River Water Conservancy Press}},
  title =         {{Yellow River Basin Comprehensive Plan}},
  year =          {2010},
  isbn =          {978-7-5509-0658-7},
}

@article{best2020,
  author =        {Best, Jim and Darby, Stephen E.},
  journal =       {One Earth},
  month =         jun,
  number =        {6},
  pages =         {510--514},
  title =         {The {{Pace}} of {{Human-Induced Change}} in {{Large
                   Rivers}}: {{Stresses}}, {{Resilience}}, and
                   {{Vulnerability}} to {{Extreme Events}}},
  volume =        {2},
  year =          {2020},
  doi =           {10.1016/j.oneear.2020.05.021},
  issn =          {25903322},
}

@article{diaz2019,
  author =        {D{\'i}az, Sandra and Settele, Josef and
                   Brond{\'i}zio, Eduardo S. and Ngo, Hien T. and
                   Agard, John and Arneth, Almut and Balvanera, Patricia and
                   Brauman, Kate A. and Butchart, Stuart H. M. and
                   Chan, Kai M. A. and Garibaldi, Lucas A. and
                   Ichii, Kazuhito and Liu, Jianguo and
                   Subramanian, Suneetha M. and Midgley, Guy F. and
                   Miloslavich, Patricia and Moln{\'a}r, Zsolt and
                   Obura, David and Pfaff, Alexander and
                   Polasky, Stephen and Purvis, Andy and Razzaque, Jona and
                   Reyers, Belinda and Chowdhury, Rinku Roy and
                   Shin, Yunne-Jai and {Visseren-Hamakers}, Ingrid and
                   Willis, Katherine J. and Zayas, Cynthia N.},
  journal =       {Science},
  month =         dec,
  number =        {6471},
  title =         {Pervasive Human-Driven Decline of Life on {{Earth}}
                   Points to the Need for Transformative Change},
  volume =        {366},
  year =          {2019},
  doi =           {10.1126/science.aax3100},
  issn =          {0036-8075, 1095-9203},
}

@book{turton1999,
  author =        {Turton, Anthony},
  publisher =     {{SOAS}},
  title =         {Water {{Scarcity}} and {{Social Adaptive Capacity}}:
                   {{Towards}} an {{Understanding}} of the {{Social
                   Dynamics}} of {{Water Demand Management}} in
                   {{Developing Countries}}},
  year =          {1999},
}

@article{reyers2018,
  author =        {Reyers, Belinda and Folke, Carl and
                   Moore, Michele-Lee and Biggs, Reinette and
                   Galaz, Victor},
  journal =       {Annual Review of Environment and Resources},
  month =         oct,
  number =        {1},
  pages =         {267--289},
  title =         {Social-{{Ecological Systems Insights}} for
                   {{Navigating}} the {{Dynamics}} of the
                   {{Anthropocene}}},
  volume =        {43},
  year =          {2018},
  doi =           {10.1146/annurev-environ-110615-085349},
  issn =          {1543-5938},
}

@article{wang2019e,
  author =        {Wang, Zhongjing and Zheng, Zheng},
  journal =       {Yellow River},
  number =        {10},
  pages =         {109--127},
  title =         {{Things and Current Significance of the Yellow River
                   Water Allocation Scheme in 1987}},
  volume =        {41},
  year =          {2019},
  doi =           {10.3969/j.issn.1000-1379.2019.10.019},
}

@article{long2020,
  author =        {Long, Di and Yang, Wenting and Scanlon, Bridget R. and
                   Zhao, Jianshi and Liu, Dagen and Burek, Peter and
                   Pan, Yun and You, Liangzhi and Wada, Yoshihide},
  journal =       {Nature Communications},
  month =         dec,
  number =        {1},
  pages =         {3665},
  title =         {South-to-{{North Water Diversion}} Stabilizing
                   {{Beijing}}'s Groundwater Levels},
  volume =        {11},
  year =          {2020},
  doi =           {10.1038/s41467-020-17428-6},
  issn =          {2041-1723},
}

@article{han2023,
  author =        {Han, Zuoqiang and Zuo, Qiting and Wang, Chunqing and
                   Gan, Rong},
  journal =       {Water},
  month =         jan,
  number =        {5},
  pages =         {929},
  publisher =     {{Multidisciplinary Digital Publishing Institute}},
  title =         {Impacts of {{Climate Change}} on {{Natural Runoff}}
                   in the {{Yellow River Basin}} of {{China}} during
                   1961\textendash 2020},
  volume =        {15},
  year =          {2023},
  doi =           {10.3390/w15050929},
  issn =          {2073-4441},
}

@article{liu2020c,
  author =        {Liu, Yu and Song, Huiming and An, Zhisheng and
                   Sun, Changfeng and Trouet, Valerie and Cai, Qiufang and
                   Liu, Ruoshi and Leavitt, Steven W. and Song, Yi and
                   Li, Qiang and Fang, Congxi and Zhou, Weijian and
                   Yang, Yinke and Jin, Zhao and Wang, Yunqiang and
                   Sun, Junyan and Mu, Xingmin and Lei, Ying and
                   Wang, Lu and Li, Xuxiang and Ren, Meng and
                   Cui, Linlin and Zeng, Xueli},
  journal =       {Proceedings of the National Academy of Sciences},
  month =         aug,
  number =        {31},
  pages =         {18251--18257},
  publisher =     {{Proceedings of the National Academy of Sciences}},
  title =         {Recent Anthropogenic Curtailing of {{Yellow River}}
                   Runoff and Sediment Load Is Unprecedented over the
                   Past 500 y},
  volume =        {117},
  year =          {2020},
  doi =           {10.1073/pnas.1922349117},
}

@article{dalin2015,
  author =        {Dalin, Carole and Qiu, Huanguang and Hanasaki, Naota and
                   Mauzerall, Denise L. and {Rodriguez-Iturbe}, Ignacio},
  journal =       {Proceedings of the National Academy of Sciences},
  month =         apr,
  number =        {15},
  pages =         {4588--4593},
  title =         {Balancing Water Resource Conservation and Food
                   Security in {{China}}},
  volume =        {112},
  year =          {2015},
  doi =           {10.1073/pnas.1504345112},
  issn =          {0027-8424, 1091-6490},
}

@article{song2022,
  author =        {Song, Chunqiao and Fan, Chenyu and Zhu, Jingying and
                   Wang, Jida and Sheng, Yongwei and Liu, Kai and
                   Chen, Tan and Zhan, Pengfei and Luo, Shuangxiao and
                   Yuan, Chunyu and Ke, Linghong},
  journal =       {Earth System Science Data},
  month =         sep,
  number =        {9},
  pages =         {4017--4034},
  title =         {A Comprehensive Geospatial Database of Nearly 100 000
                   Reservoirs in {{China}}},
  volume =        {14},
  year =          {2022},
  doi =           {10.5194/essd-14-4017-2022},
  issn =          {1866-3516},
}

@article{konar2019,
  author =        {Konar, Megan and Garcia, Margaret and
                   Sanderson, Matthew R. and Yu, David J. and
                   Sivapalan, Murugesu},
  journal =       {Water Resources Research},
  month =         feb,
  number =        {2},
  pages =         {874--887},
  title =         {Expanding the {{Scope}} and {{Foundation}} of
                   {{Sociohydrology}} as the {{Science}} of {{Coupled
                   Human}}-{{Water Systems}}},
  volume =        {55},
  year =          {2019},
  doi =           {10.1029/2018WR024088},
  issn =          {0043-1397, 1944-7973},
}

@book{singh2019,
  editor =        {Singh, Amarjit and Saha, Dipankar and
                   Tyagi, Avinash Chand},
  publisher =     {{Springer Singapore}},
  series =        {Springer {{Water}}},
  title =         {Water {{Governance}}: {{Challenges}} and
                   {{Prospects}}},
  year =          {2019},
  isbn =          {9789811326998},
}

@book{porcher2019,
  editor =        {Porcher, Simon and SAUSSIER, St{\'e}phane},
  publisher =     {{Palgrave Macmillan}},
  series =        {Palgrave {{Studies}} in {{Water Governance}}:
                   {{Policy}} and {{Practice}}},
  title =         {Facing the {{Challenges}} of {{Water Governance}}},
  year =          {2019},
  isbn =          {978-3-319-98514-5},
}

@article{allan2019,
  author =        {Allan, J. R. and Levin, N. and Jones, K. R. and
                   Abdullah, S. and Hongoh, J. and Hermoso, V. and
                   Kark, S.},
  journal =       {Science Advances},
  month =         apr,
  number =        {4},
  pages =         {eaau7668},
  title =         {Navigating the Complexities of Coordinated
                   Conservation along the River {{Nile}}},
  volume =        {5},
  year =          {2019},
  doi =           {10.1126/sciadv.aau7668},
  issn =          {2375-2548},
}

@article{liu2012,
  author =        {Liu, Jianguo and Yang, Wu},
  journal =       {Science},
  month =         aug,
  number =        {6095},
  pages =         {649--650},
  title =         {Water {{Sustainability}} for {{China}} and
                   {{Beyond}}},
  volume =        {337},
  year =          {2012},
  doi =           {10.1126/science.1219471},
  issn =          {0036-8075, 1095-9203},
}

@book{unep-dhi2016,
  author =        {{UNEP-DHI} and UNEP and UNEP},
  title =         {Transboundary {{River Basins}}: {{Status}} and
                   {{Trends}}},
  year =          {2016},
}

@book{mirumachi2015,
  address =       {{London}},
  author =        {Mirumachi, Naho},
  edition =       {1st},
  publisher =     {{Routledge}},
  title =         {Transboundary {{Water Politics}} in the {{Developing
                   World}}},
  year =          {2015},
}

@article{sachs2019,
  author =        {Sachs, Jeffrey D. and {Schmidt-Traub}, Guido and
                   Mazzucato, Mariana and Messner, Dirk and
                   Nakicenovic, Nebojsa and Rockstroem, Johan},
  journal =       {Nature Sustainability},
  month =         sep,
  number =        {9},
  pages =         {805--814},
  title =         {Six {{Transformations}} to Achieve the {{Sustainable
                   Development Goals}}},
  volume =        {2},
  year =          {2019},
  doi =           {10.1038/s41893-019-0352-9},
  issn =          {2398-9629},
}

@article{barnes2020,
  author =        {Barnes, Michele L. and Wang, Peng and
                   Cinner, Joshua E. and Graham, Nicholas A. J. and
                   Guerrero, Angela M. and Jasny, Lorien and
                   Lau, Jacqueline and Sutcliffe, Sarah R. and
                   {Zamborain-Mason}, Jessica},
  journal =       {Nature Climate Change},
  month =         aug,
  pages =         {1--6},
  title =         {Social Determinants of Adaptive and Transformative
                   Responses to Climate Change},
  year =          {2020},
  doi =           {10.1038/s41558-020-0871-4},
  issn =          {1758-6798},
}

@article{cumming2018,
  author =        {Cumming, Graeme S. and
                   {von Cramon-Taubadel}, Stephan},
  journal =       {Proceedings of the National Academy of Sciences},
  month =         sep,
  number =        {38},
  pages =         {9533--9538},
  title =         {Linking Economic Growth Pathways and Environmental
                   Sustainability by Understanding Development as
                   Alternate Social\textendash Ecological Regimes},
  volume =        {115},
  year =          {2018},
  doi =           {10.1073/pnas.1807026115},
  issn =          {0027-8424, 1091-6490},
}

@article{cumming2014,
  author =        {Cumming, Graeme S. and Buerkert, Andreas and
                   Hoffmann, Ellen M. and Schlecht, Eva and
                   {von Cramon-Taubadel}, Stephan and Tscharntke, Teja},
  journal =       {Nature},
  month =         nov,
  number =        {7525},
  pages =         {50--57},
  title =         {Implications of Agricultural Transitions and
                   Urbanization for Ecosystem Services},
  volume =        {515},
  year =          {2014},
  doi =           {10.1038/nature13945},
  issn =          {0028-0836, 1476-4687},
}

@article{gleeson2020,
  author =        {Gleeson, Tom and Cuthbert, Mark and Ferguson, Grant and
                   Perrone, Debra},
  journal =       {Annual Review of Earth and Planetary Sciences},
  pages =         {33},
  title =         {Global {{Groundwater Sustainability}}, {{Resources}},
                   and {{Systems}} in the {{Anthropocene}}},
  year =          {2020},
}

@article{wang-erlandsson2022,
  author =        {{Wang-Erlandsson}, Lan and Tobian, Arne and
                   {van der Ent}, Ruud J. and Fetzer, Ingo and
                   {te Wierik}, Sofie and Porkka, Miina and Staal, Arie and
                   Jaramillo, Fernando and Dahlmann, Heindriken and
                   Singh, Chandrakant and Greve, Peter and
                   Gerten, Dieter and Keys, Patrick W. and Gleeson, Tom and
                   Cornell, Sarah E. and Steffen, Will and Bai, Xuemei and
                   Rockstr{\"o}m, Johan},
  journal =       {Nature Reviews Earth \& Environment},
  month =         apr,
  pages =         {1--13},
  publisher =     {{Nature Publishing Group}},
  title =         {A Planetary Boundary for Green Water},
  year =          {2022},
  doi =           {10.1038/s43017-022-00287-8},
  issn =          {2662-138X},
}

@article{falkenmark2019,
  author =        {Falkenmark, Malin and {Wang-Erlandsson}, Lan and
                   Rockstr{\"o}m, Johan},
  journal =       {Journal of Hydrology X},
  month =         jan,
  pages =         {100009},
  title =         {Understanding of Water Resilience in the
                   {{Anthropocene}}},
  volume =        {2},
  year =          {2019},
  doi =           {10.1016/j.hydroa.2018.100009},
  issn =          {25899155},
}

@article{shuang_song_2023_7955500,
  author =        {Shuang Song},
  journal =       {Zenodo},
  title =         {Yellow River Water Governance data [Dataset]},
  year =          {2023},
  doi =           {10.5281/zenodo.7955500},
  url =           {https://doi.org/10.5281/zenodo.7955500},
}

@article{Hunter:2007,
  author =        {Hunter, J. D.},
  journal =       {Computing in Science \& Engineering},
  number =        {3},
  pages =         {90--95},
  publisher =     {IEEE COMPUTER SOC},
  title =         {Matplotlib: A 2D graphics environment},
  volume =        {9},
  year =          {2007},
  abstract =      {Matplotlib is a 2D graphics package used for Python
                   for application development, interactive scripting,
                   and publication-quality image generation across user
                   interfaces and operating systems [software].},
  doi =           {10.1109/MCSE.2007.55},
}

@article{pythonternary,
  author =        {Marc Harper},
  journal =       {Zenodo 10.5281/zenodo.594435},
  title =         {python-ternary: Ternary Plots in Python [software]},
  year =          {2015},
  doi =           {10.5281/zenodo.594435},
  url =           {https://github.com/marcharper/python-ternary},
}
